1984 3276
307 205 371 254 LIB.
382 205 402 253 1.
420 205 495 253 cAP.
510 203 574 252 XIX.
808 207 845 260 59

56 364 130 404 eum
145 364 207 404 eam
222 346 349 404 virtutem
360 367 423 406 esse
437 347 533 405 dieunt
545 354 765 422 propugnantem
776 349 844 422 pto*

57 426 204 502 aequitate.
243 425 381 490 Quocirca
389 445 482 493 nemo,
494 426 542 498 qui
552 424 718 482 fortitudinis
728 425 844 501 gloriam

56 512 232 563 consecutus
259 514 311 566 est.
339 503 457 562 insidiis·
476 512 504 560 et
529 503 643 568 malitia,
663 502 774 562 laudern
802 513 846 560 est

56 581 192 658 adeptus.
232 581 314 638 Nihil
332 582 482 640 honestum
500 591 678 657 essapotest,
694 581 768 662 quod
785 581 844 657 jus·

54 661 121 718 titia
136 668 224 716 vacat.
570 707 576 712 .

101 737 272 796 Praeclarum
286 737 370 814 igitur
383 733 452 795 illud
465 737 615 800 Platonisi
654 737 723 795 Non
739 737 842 805 solum,

57 817 166 888 inquit,
181 816 307 883 scientia,
322 835 384 888 quae
401 827 444 873 est
460 826 567 874 remota
586 817 619 872 ab
635 815 754 891 justitia,
769 817 844 874 calli·

57 893 134 951 ditas
149 894 255 968 potius,
268 913 352 966 quam
376 895 513 971 sapientia
531 903 574 951 est
592 893 772 969 appellanda:
797 912 844 952 ve·

57 973 224 1029 tumeliam
243 973 370 1048 animus‡
383 982 493 1048 paratus
514 972 547 1030 ad
567 972 732 1047 periculum,
746 973 773 1028 si
793 991 845 1045 sua

58 1049 225 1124 cupiditate,
234 1069 291 1108 non
305 1052 420 1108 utilitate
434 1052 577 1110 communi
591 1050 751 1125 impellitur,
761 1049 843 1107 auda·

58 1129 113 1186 ciae
129 1129 222 1204 potius
236 1147 341 1187 nomen
351 1131 459 1196 habeat,
473 1148 556 1200 quam
571 1127 750 1202 fortitudinis.
789 1127 843 1184 Ita·

58 1226 116 1280 que
131 1207 207 1264 viros
220 1207 304 1265 fortes
319 1217 348 1264 et
365 1209 568 1284 magnanimos,
583 1206 697 1273 eosdem
711 1207 800 1264 bonos
815 1213 844 1263 et

58 1285 217 1360 simplices,
227 1287 349 1342 veritatis
359 1288 464 1343 amicos
477 1286 647 1356 minimeque
657 1283 767 1340 fallaces
779 1301 843 1341 esse

59 1364 211 1420 volumus:
233 1381 294 1450 quas
308 1374 374 1422 sunt
387 1383 424 1421 ex
437 1363 530 1421 media
542 1363 639 1436 laude§
657 1362 782 1437 j'ustitiae.

330 1517 488 1566 cHaPTsR
503 1517 570 1564 XIX.
669 1567 672 1574 ,

97 1641 113 1673 ⁸
131 1638 329 1703 Propagoaotem
337 1655 389 1702 pro.
420 1639 475 1688 The
496 1641 588 1700 precise
610 1655 712 1702 passage
733 1639 760 1686 in
782 1639 844 1689 their

64 1703 178 1768 writings
202 1703 229 1752 in
248 1703 330 1752 which
347 1703 395 1750 this
413 1701 538 1750 definition
556 1719 665 1765 appears,
679 1703 723 1750 has
740 1710 783 1751 not
803 1711 845 1768 yet

65 1771 126 1818 been
138 1769 281 1818 discovered.
313 1767 470 1831 Pugaoatem
482 1766 503 1813 is
514 1766 588 1814 found
606 1767 632 1814 in
652 1767 717 1830 early
735 1767 823 1817 edition

63 1835 112 1883 and
123 1834 148 1882 in
160 1850 226 1882 some
243 1832 315 1882 MSS.
347 1833 456 1881 Another
467 1831 576 1880 instance
588 1831 617 1880 of
628 1831 668 1880 the
680 1786 845 1896 compouadeii

62 1900 119 1948 verb
137 1899 198 1948 with
213 1899 254 1947 the
273 1898 420 1961 proposition
438 1897 556 1960 repeated,
573 1913 658 1946 occurs
669 1897 714 1945 llb.
731 1897 762 1946 xi.
773 1915 809 1961 ep.
821 1900 844 1948 6.

63 1965 146 2012 “Cum
162 1963 278 2026 equestris
286 1963 377 2012 ordinis
393 1963 504 2027 princeps
515 1969 584 2022 esset,
595 1975 684 2026 proque
696 1978 750 2012 mea
765 1965 842 2016 salute

63 2029 369 2092 acerrimepropugnaret.”

95 2091 185 2146 tlllad
195 2091 313 2142 Platonis.
346 2092 377 2140 Ira
389 2091 501 2155 Epitaph.
512 2093 579 2144 erdod
589 2110 618 2141 re
634 2092 754 2155 inscripta
770 2113 842 2161 χαρι-

63 2157 145 2222 (sain
159 2151 305 2210 laesissem
327 2154 370 2207 aad
391 2159 430 2210 aie
453 2159 525 2212 danne
546 2157 631 2224 operte,
649 2159 794 2225 nasonia,
818 2163 842 2211 od

65 2223 147 2285 socia,
160 2223 281 2286 pissiace-
544 2225 547 2233 '

97 2289 235 2342 laninas.
265 2287 297 2336 In
313 2287 354 2334 the
372 2287 484 2352 writings
500 2288 529 2336 of
540 2287 609 2337 Plato
625 2304 681 2336 now
699 2296 788 2349 extamt,
807 2307 841 2340 no

66 2369 161 2420 passage
176 2354 221 2402 has
236 2353 297 2400 been
314 2351 451 2400 discovered
468 2353 498 2400 os
508 2347 556 2400 this
573 2359 643 2402 exact
658 2353 761 2418 import:
786 2355 841 2405 One

66 2433 153 2478 occurs,
161 2417 325 2481 approaching
333 2415 352 2464 it
363 2417 388 2464 in
400 2433 476 2465 sense.
509 2417 540 2466 In
550 2416 689 2466 Lachete-

104 2486 174 2564 Ἐγὼ
184 2481 211 2540 δὲ
222 2479 325 2562 o'tvdgioes
332 2479 375 2552 μὲν
386 2483 430 2538 καὶ
436 2483 589 2560 προμηθείας
596 2482 662 2540 πάνυ
670 2485 732 2539 vro'iv
744 2482 841 2560 ὀλίγοις

67 2554 132 2633 οἶμαι
141 2564 260 2633 μετεῖναι.
270 2563 425 2640 θρασύτητος
435 2559 462 2617 δε
473 2563 517 2618 καὶ
524 2564 626 2632 τόλμης
634 2568 677 2622 καὶ
685 2565 729 2618 τοῦ
737 2559 839 2634 ἀφόβου

8 2673 9 2684 2
69 2642 132 2717 perd
143 2641 314 2720 ἀπρομιηθεὶας
325 2639 391 2696 πάνυ
404 2644 514 2702 πολλοῖς
525 2642 568 2699 καὶ
580 2640 685 2732 dvdpdo,
697 2639 840 2717 καὶγὺναι-

8 2745 10 2786 Γ
68 2721 175 2789 silvaci
192 2717 353 2796 arcidamus)
365 2720 463 2798 θηρίων.
503 2721 678 2780 Ταῦάαούνᾶ
697 2717 726 2772 σὺ
748 2719 839 2782 καλεῖς

69 2798 173 2880 avdgeia,
188 2800 231 2854 soi
245 2799 266 2854 οἱ
283 2800 388 2863 πολλοὶ,
403 2799 455 2876 ἐγὼ
468 2801 564 2876 epacta
577 2799 663 2855 καλῶ.

99 2878 160 2941 §Es
168 2876 246 2927 medio
255 2875 453 2926 uades-mot
464 2877 590 2941 arapoints
601 2877 651 2925 iac
661 2871 838 2924 mcn'schoraa-
