1984 3276
326 208 421 256 Luta
440 207 518 257 cAP.
528 209 573 258 IX.
802 213 840 266 27

11 383 14 422 f
47 359 103 412 out
132 351 304 418 inimicitias,
334 359 381 408 aut
407 351 541 418 laborem,
569 359 617 408 aut
643 358 752 408 sumtus
781 369 841 408 sus·

10 465 13 502 ‚r
49 432 149 507 cipere
176 431 294 497 nolunt3
327 441 374 487 aut
398 431 482 488 etiam
498 429 687 505 negligentia,
718 429 839 505 pigritie,

10 543 12 580 ,
53 511 157 567 inertia
164 511 259 576 deut
272 508 331 564 suis
349 508 449 566 studiis
464 507 630 580 quibasdam
652 508 841 583 occupationi·

53 589 146 648 busve
167 588 210 661 sio
234 585 433 662 impediuntur,
455 597 486 643 ut
512 604 571 655 eos,
594 605 664 658 quos
685 587 766 644 tutari
795 585 841 644 de·

10 711 11 736 ³
49 667 147 732 beant,
162 665 287 722 desertos
307 683 371 722 esse
389 665 537 740 patiantur.
578 663 675 737 Ita'que
688 662 841 722 videndum

53 745 124 812 soal
138 763 173 802 ne
187 762 244 802 non
259 743 326 800 eatis
348 743 386 802 sit
399 741 437 810 id,
453 741 528 816 quod
545 741 618 818 apud
632 743 778 800 Platonem
798 751 843 799 est

9 861 10 866 κ
53 823 85 881 in
99 823 304 898 philosophos‡
325 821 447 890 dictum
470 820 545 893 qaod
565 822 595 878 in
616 821 675 878 veri
693 820 842 896 investiga·

9 911 10 914 ’
53 902 133 964 tione
147 909 300 968 versentur,
316 900 447 973 quodque
466 918 510 966 ee,
525 918 587 971 quae
610 899 735 975 plerique
757 899 841 956 vehe-

52 988 167 1041 menter
179 987 322 1054 expetunt,
338 978 372 1036 de
387 980 488 1052 quibus
502 979 575 1036 inter
593 995 625 1040 se
639 976 783 1055 digladiari
796 994 841 1035 so-

348 1151 508 1201 CHAPTER
519 1151 559 1199 lX.

84 1277 490 1342 *Negligealio,i²igritro‚hrerlio.
507 1278 842 1342 Negligeatia,lrrdiffereaee;

54 1345 162 1390 absence
173 1345 203 1388 oi
215 1344 345 1405 diligenor,
357 1345 473 1405 although
485 1345 526 1391 the
543 1358 630 1402 perron
642 1345 696 1390 who
708 1347 774 1404 gives
785 1357 840 1402 wey

53 1413 81 1454 to
94 1407 113 1451 it
125 1421 181 1464 may
193 1407 223 1452 be
235 1423 316 1453 ewere
328 1409 356 1452 os
365 1409 401 1454 his
413 1409 499 1455 duties.
532 1406 645 1468 Pigrilt'a,
662 1408 770 1456 ladam.
795 1407 841 1454 De·

45 1467 145 1536 finiant
155 1467 281 1528 pigritiam
293 1477 380 1518 melam
391 1470 551 1534 consequentis
561 1471 787 1530 tatoris-herae,
796 1485 841 1520 aa·

48 1529 185 1594 fitnerssor
204 1532 317 1583 caerlion.
352 1534 448 1582 Artibus
459 1534 501 1596 qai
512 1536 631 1592 oaredont,
641 1535 729 1583 inerter
739 1549 755 1581 a
765 1535 841 1598 majo·

55 1593 123 1644 ribus
142 1592 333 1654 appellabantur.
378 1600 392 1623 “
405 1597 504 1642 Paolum
531 1599 631 1656 sepulte
653 1599 725 1644 distet
749 1598 842 1644 inertie

55 1659 137 1706 celato
150 1657 250 1702 virtus.”
284 1659 345 1704 Hor.
358 1655 492 1717 Synonym.
504 1661 535 1706 de
544 1661 680 1706 Domesnil.
691 1661 747 1705 444.

88 1719 247 1775 {Videndum
266 1725 305 1768 est.
326 1719 353 1767 ln
374 1721 421 1766 this
440 1729 563 1780 sentence,
578 1724 627 1768 ond
646 1723 670 1767 in
686 1723 777 1781 otlrers,
794 1723 842 1770 this

55 1787 146 1846 phrase
158 1784 177 1830 is
187 1785 245 1830 tired
258 1786 344 1846 nearly
354 1785 378 1830 in
389 1785 429 1832 the
441 1799 511 1831 sense
523 1785 682 1833 olvereadam
694 1790 733 1832 est.
749 1785 802 1832 Lib.
812 1786 841 1834 V.

54 1851 103 1910 Ep!
119 1850 143 1895 4.
166 1847 261 1906 “vide,
281 1865 320 1908 ne,
338 1864 393 1896 cum
413 1849 472 1896 velis
492 1861 607 1898 revocare
626 1850 841 1909 tempusomoium

54 1912 267 1971 reservandorum‚
279 1928 334 1961 ram
351 1913 392 1972 qui
411 1920 521 1958 servetur
538 1927 587 1960 non
607 1914 661 1972 erit,
678 1929 726 1960 non
739 1915 841 1972 possit.”

55 1978 109 2025 Lib.
122 1975 188 2024 XlV.
200 1975 247 2033 Ep.
265 1977 301 2023 14.
320 1977 473 2036 “Reliquum
487 1978 599 2037 estquod
611 1977 669 2036 ipsae
680 1978 772 2036 optime
783 1993 841 2028 con·

57 2039 204 2094 siderobitis,
216 2041 289 2086 vestri
301 2039 391 2089 similes
403 2039 507 2091 soeminre
519 2041 599 2092 sintne
611 2041 705 2088 Romae.
736 2041 762 2088 Si
774 2043 840 2091 enim

55 2121 103 2156 non
115 2111 179 2161 sunt,
191 2102 321 2151 videndum
333 2112 408 2154 estut
420 2105 520 2150 honeste
537 2119 579 2156 ros
591 2119 643 2151 esse
656 2104 779 2164 possitis.”
800 2107 840 2154 ci-

55 2180 113 2217 cero
132 2181 216 2214 means
233 2175 258 2214 to
277 2169 388 2214 intimate
407 2167 464 2212 with
480 2166 608 2217 diffidence
625 2183 656 2218 on
676 2169 777 2227 opinion
797 2177 841 2218 not

55 2233 171 2294 agreeing
183 2231 240 2276 with
253 2232 306 2278 that
317 2233 346 2281 ol
355 2232 434 2278 Plato.

88 2301 99 2356 l
112 2299 140 2345 la
154 2295 313 2358 Philosophor.
346 2296 395 2342 Not
406 2294 501 2358 against
512 2297 552 2342 the
565 2295 745 2355 philosophare,
757 2297 801 2349 bat
812 2296 841 2346 in

54 2361 116 2410 their
118 2361 217 2421 favour.
237 2361 304 2406 Thus
317 2359 341 2406 in
354 2360 395 2406 the
406 2361 464 2408 39th
477 2363 578 2421 chapter
591 2363 620 2408 os
629 2361 676 2409 this
686 2361 759 2419 hook,
771 2361 841 2422 and

55 2426 149 2489 quidem
160 2424 197 2471 hir
213 2423 356 2486 temporibus
374 2424 401 2472 ἔτι
420 2425 502 2472 maltis
518 2425 572 2473 licet
591 2423 674 2472 dicere.
708 2423 746 2470 De
762 2425 840 2488 Legg.

55 2491 122 2549 crl9.
137 2492 152 2517 “
161 2489 231 2544 Quod
240 2496 320 2534 autem
330 2489 361 2534 ud
370 2490 518 2536 contrariam
528 2490 625 2536 laudem
635 2489 659 2540 in
669 2488 781 2534 virtutem
791 2489 839 2536 dici

58 2553 159 2614 potest.'¹
193 2552 296 2599 Sueton.
310 2553 363 2597 Tib.
375 2567 396 2600 c·
405 2553 444 2598 20.
458 2555 473 2580 “
484 2553 516 2599 Hi
529 2566 624 2612 quoque
642 2553 683 2612 qui
695 2562 774 2598 tecum
786 2553 839 2598 luo·

56 2627 113 2667 runt
124 2630 207 2662 omnes
219 2616 366 2662 confitentur
378 2629 472 2660 versum
486 2617 552 2660 illum
564 2615 587 2660 in
601 2624 623 2661 te
636 2630 707 2673 posse
719 2615 777 2673 dici,

173 2679 239 2725 linos
250 2681 322 2726 homo
334 2678 403 2726 nobis
415 2679 538 2738 vigilando
550 2679 653 2732 restituit
663 2678 738 2723 rem.”

57 2743 143 2790 Cicero
155 2743 272 2788 collected
285 2742 333 2788 thir
349 2741 449 2801 opinion
461 2744 490 2788 os
499 2743 579 2800 Plato,
591 2741 709 2800 probably
723 2740 784 2784 from
797 2739 838 2786 the

59 2807 117 2862 Vlth
126 2806 176 2854 eorl
188 2805 258 2856 Vllth
272 2807 351 2861 Books
363 2807 392 2852 ol
401 2805 437 2853 his
447 2805 572 2866 Republic,
584 2805 609 2850 in
618 2803 696 2848 which
709 2803 838 2864 thereme,

59 2872 140 2926 rather
150 2869 209 2916 thau
220 2871 261 2916 the
272 2872 361 2930 words,
373 2885 428 2930 may
440 2871 470 2917 be
481 2867 629 2922 discovered,
