1970 3278
129 216 183 272 102
409 210 460 259 on
477 209 629 259 ormena.

126 437 215 495 etr.
231 433 371 494 XXXIII.
405 431 477 492 Vtra
490 449 586 510 genna
600 429 699 490 arnob
711 427 916 507 effingendam,

164 507 234 606 nee:
247 521 351 572 umere
373 511 634 572 commutandum:
665 509 831 568 amitandoa
853 525 916 566 eree

164 609 300 671 majorae.

90 745 100 798 L
163 749 254 807 Irnnn
268 760 361 807 autern
382 750 505 806 maxime
518 764 610 805 rantrn
633 765 722 824 genu·
740 755 912 814 cereorum,

125 830 174 903 qni
188 838 235 886 aut
247 829 403 886 excellente
417 829 524 904 ingenii
548 826 750 903 magnitudine,
776 837 825 884 aot
844 845 913 904 prae-

125 907 373 965 elaraerndirione
400 907 482 979 atque
506 906 641 974 doctriua,
667 916 714 963 aut
740 917 858 980 utreque
883 929 913 968 re

125 987 224 1052 ornati
235 989 356 1062 spatium
367 986 452 1042 etiam
466 983 638 1042 deliberandi
651 986 818 1053 habuerunt,
828 1005 914 1060 quem
974 1053 975 1056 Ἴ

124 1066 304 1142 potissimum
326 1065 390 1120 vitre
411 1081 526 1120 eorsum
551 1066 632 1136 sequi
657 1065 780 1122 vellent:
803 1067 834 1122 in
858 1085 915 1140 qua
974 1057 975 1074 ¹

125 1144 322 1201 deliberatione
336 1141 371 1198 ad
385 1161 464 1198 suam
476 1144 614 1218 cujusque
624 1140 751 1200 naturam
762 1144 914 1203 coneiliom

123 1232 168 1280 est
181 1239 265 1278 omne
274 1221 472 1278 revocandum.
496 1222 571 1278 Nam
581 1239 646 1278 eum
657 1223 687 1280 in
698 1224 840 1292 omnibuS,
851 1243 913 1296 qnae

125 1309 253 1376 aguntur,
276 1319 313 1357 ex
337 1318 382 1368 eo,
401 1319 457 1372 quo
470 1300 556 1357 modo
578 1301 698 1373 quisque
712 1311 757 1358 est
774 1311 856 1359 natus
872 1302 915 1381 (nt

125 1397 210 1454 supra
235 1375 408 1455 dictumest)
424 1379 492 1449 quid
512 1378 617 1446 deceat,
639 1381 831 1453 exquIrimusr
854 1389 914 1438 tum
974 1445 975 1454 χ

125 1460 155 1516 in
169 1467 226 1516 tota
236 1459 293 1514 vita
305 1456 508 1525 conetituenda,
523 1458 611 1514 multo
626 1469 670 1516 est
684 1461 711 1516 ei
724 1460 765 1516 rei
776 1478 843 1516 eura
855 1479 915 1516 ma·
974 1457 975 1516 ζ

121 1539 168 1615 jor
188 1535 354 1604 adhibenda,
380 1545 411 1592 ut
435 1546 561 1593 constare
589 1538 619 1594 irr
639 1539 703 1595 vitae
729 1539 915 1614 perpetuitate
974 1605 975 1608 Ἴ

125 1617 269 1692 possmus
284 1615 519 1691 nobismetipsis,
534 1633 587 1672 nee
607 1617 637 1674 In
657 1617 716 1675 ullo
730 1616 825 1675 officio
840 1617 916 1674 olau-
974 1669 975 1690 p

124 1695 227 1754 dicare.
974 1695 975 1704 ’

164 1775 222 1834 Ad·
237 1775 309 1832 bane
329 1783 422 1831 autern
443 1773 579 1830 rationem
604 1775 737 1846 quoniam
759 1775 916 1832 maximam

124 1855 183 1910 vim
206 1864 303 1910 natura
322 1853 415 1919 habet,
436 1851 546 1908 fortuna
568 1855 747 1928 proxirnam3
767 1854 916 1926 utriusque

82 1975 85 1988 .
125 1933 241 1988 omnino
262 1930 393 1988 habenda*
413 1931 483 1986 ratio
511 1940 554 1987 est
580 1932 611 1988 in
638 1932 786 2010 deligendo
811 1949 916 2008 genere

121 2011 198 2082 ritae,
213 2007 263 2066 sed
277 2019 380 2065 naturae
401 2008 500 2082 magis.
542 2009 635 2067 Multo
659 2013 736 2068 enirn
760 2021 788 2068 et
806 2011 918 2068 firmior

126 2096 178 2153 est,
188 2095 216 2143 et
229 2089 416 2153 constantien
437 2095 470 2142 ut
482 2085 592 2144 fortuna
605 2107 663 2147 non
674 2093 828 2162 numquam
841 2090 915 2166 ipsa,

125 2165 250 2222 mortalis
262 2183 327 2222 oum
340 2163 492 2223 immortali
511 2176 609 2224 natura
622 2167 746 2246 pugnare
760 2168 917 2226 videatur.*

126 2243 183 2309 Qui
197 2244 281 2320 igitur
294 2243 329 2300 ad
343 2254 447 2302 naturae
471 2263 529 2302 suae
550 2265 607 2304 non
621 2248 729 2306 vitiosae
744 2265 834 2323 genus
850 2265 919 2304 con·

126 2323 222 2380 silium
249 2321 362 2381 vivendi
386 2342 471 2382 omne
495 2325 652 2394 contulerit,
678 2327 703 2382 is
728 2327 918 2384 constantiam
974 2375 975 2382 ,

127 2410 219 2460 teneat
232 2400 273 2482 (id
293 2403 370 2460 enirn
390 2403 513 2460 maxime
527 2403 618 2482 decet)
634 2405 690 2462 nisi
703 2405 773 2462 forte
787 2421 819 2460 se
834 2404 919 2463 intel·
974 2461 975 2466 ,

367 2557 531 2610 CHAPTER
547 2557 668 2608 XXXIII.

159 2692 174 2725 ⁴⁸
190 2690 315 2741 Wdeetor.
331 2689 438 2742 Fortrme
449 2691 470 2740 is
486 2691 639 2752 represented
655 2707 682 2740 as
698 2689 762 2755 light
777 2691 828 2738 end
839 2697 922 2739 mute
974 2669 975 2726 i

142 2755 176 2812 ¹e3
191 2764 277 2806 natrue
289 2775 316 2806 aa
332 2758 388 2806 firm
398 2757 446 2806 end
458 2755 596 2804 consistent
628 2755 658 2802 If
668 2755 787 2804 therefore
798 2771 851 2820 any
864 2771 923 2804 eon-

154 2826 174 2866 rt
193 2822 255 2870 ariae
266 2823 374 2872 between
384 2823 459 2879 thern,
471 2821 490 2871 it
501 2836 558 2884 may
570 2821 599 2867 be
616 2821 745 2884 compared
759 2826 785 2870 to
795 2819 852 2872 that
864 2820 896 2870 of
907 2837 924 2868 a

162 2885 214 2934 artat
226 2887 286 2936 with
297 2904 329 2938 an
339 2887 468 2939 immortnl.
501 2883 639 2934 Feeoiolati.
