1984 3276
152 197 191 252 46
434 193 481 241 DE
498 191 650 242 osricus,

190 336 263 394 Sunt
274 345 367 393 autern
381 335 471 401 inulti,
485 344 514 390 et
527 334 640 406 quidem
657 333 752 409 cupidi
773 332 947 409 splendoris

150 422 179 470 et
192 415 296 488 glorie,
311 414 359 486 qui
373 413 494 488 eripiunt
513 413 586 480 aliis,
601 413 676 484 quod
690 413 758 492 aliis·
771 413 945 487 largiantur.

151 489 247 562 Hique
258 493 430 557 arbitrantur,
446 509 476 548 se
492 491 633 548 beneficos
646 491 675 548 in
689 509 756 547 suos
772 491 890 554 amicos
907 491 946 546 vi·

150 585 213 624 sum
228 569 271 634 iri,
286 570 311 626 si
325 569 495 644 locupletent
508 587 557 626 eos
572 586 746 640 quacumque
761 569 888 626 ratione.
912 567 943 625 Id
970 581 973 682 Ι

149 653 241 702 autem
256 657 361 704 tanturn
376 649 454 707 abest
466 647 571 712 officio,
585 656 616 702 ut
635 646 706 702 nihil
725 645 816 721 magis
843 645 943 702 officio

149 723 241 796 possit
253 741 317 782 esse
331 726 508 782 eontrarium.
548 723 708 781 Videndum
731 733 775 778 est
795 724 900 798 igitur,
916 735 944 781 ut

149 817 183 856 ea
197 799 358 860 liberalitate
378 813 498 869 utamur,
513 821 575 874 que
595 801 685 877 prosit
704 801 813 869 amicis,
838 811 942 859 noceat

149 879 266 936 nemini.
307 881 400 946 Quare
414 881 448 938 L.
465 881 549 937 Sulla
564 879 641 938 etc.
657 877 779 934 Cesaris
802 881 941 954 pecunia-

148 973 211 1012 rum
223 958 363 1015 translatio
378 959 488 1034 ajustis
505 958 627 1015 dominis
641 956 676 1013 ad
690 957 797 1014 alienos
812 975 877 1015 non
895 958 940 1014 de

149 1032 196 1090 bet
208 1034 331 1092 liberalis
344 1035 441 1093 videri.
483 1035 566 1096 Nihil
579 1044 622 1092 est
632 1035 708 1091 enirn
719 1034 847 1102 liberale,
862 1034 937 1108 quod

149 1127 206 1168 non
218 1112 292 1170 idern
303 1114 421 1188 justum.
921 1165 924 1168 .
973 1105 974 1138 ¹

188 1189 267 1248 Alter
279 1201 337 1248 erat
350 1192 429 1248 locus
454 1189 600 1256 cautionis,
615 1207 652 1251 ne
671 1189 829 1265 benignitas
847 1192 939 1268 major
968 1167 974 1285 i

149 1277 235 1334 esset,
257 1287 341 1340 quam
368 1268 521 1326 facultates.
560 1263 654 1335 Quod,
677 1269 726 1339 qui
752 1270 937 1344 benigniores

148 1345 247 1403 volunt
259 1364 333 1412 esre,
348 1365 432 1418 qnam
447 1365 491 1403 res
506 1346 617 1420 patitur,
632 1347 755 1421 primum
775 1347 859 1404 ineo
875 1365 937 1423 pec·

56 1480 59 1484 ,
149 1432 222 1490 caut,
235 1424 309 1496 quod
323 1425 452 1500 injuriosi
466 1423 572 1480 suntin
587 1424 750 1498 proximos:
773 1442 845 1494 quas
859 1427 935 1484 enim

149 1503 246 1578 copias
267 1502 312 1577 hir
334 1512 362 1559 et
381 1501 552 1578 suppeditari
566 1501 673 1573 aequius
687 1511 739 1568 est,
755 1511 783 1558 et
799 1503 934 1576 relinqui,

149 1597 197 1637 eas
218 1580 385 1640 transferunt
405 1581 438 1638 ad
459 1580 575 1637 alienos.
617 1579 694 1637 Inest
715 1587 808 1636 autem
834 1579 866 1637 in
891 1581 934 1638 tali
973 1599 974 1628 t

148 1657 309 1718 liberalitate
333 1659 472 1736 cupiditas
485 1659 649 1734 plerumque
669 1657 795 1732 rapiendi
816 1667 845 1714 et
860 1660 933 1716 aule·

148 1739 228 1796 reudi
242 1758 293 1816 per
306 1739 448 1872 injuriam,
463 1747 494 1795 ut
518 1737 550 1793 ad
571 1736 744 1812 largiendum
765 1741 934 1811 suppetant⁸

149 1816 248 1889 copiae.
288 1807 327 1873 Vi
347 1835 392 1873 ere
419 1815 602 1879 etiamtiam,
624 1814 772 1890 plerosque
793 1829 853 1870 non
880 1825 932 1873 tani

149 1903 246 1948 natura
258 1892 396 1960 liberales,
418 1909 502 1964 quam
523 1891 641 1962 quadam
662 1891 751 1967 gloria
770 1889 882 1960 ductos,
905 1903 933 1950 ut
974 1901 975 1914 ¹

150 1968 268 2026 benefici
280 1969 433 2033 videantur,
448 1969 537 2025 lacere
553 1969 647 2033 multa,
663 1985 724 2040 quae
739 1969 884 2044 proficisci
899 1973 930 2028 ab
972 1969 975 2034 l

148 2046 333 2102 ostentatione
354 2047 453 2121 magis,
469 2063 552 2117 quam
577 2065 593 2102 a
613 2047 753 2104 voluntate
775 2046 930 2105 videantur.

149 2121 229 2179 Talis
258 2132 350 2180 autern
375 2123 516 2180 simulatio
542 2125 654 2180 vanitati
675 2135 719 2181 est
745 2125 929 2201 conjunctior,

149 2217 232 2272 quam
247 2211 294 2258 aut
306 2200 471 2266 liberalitati,
487 2211 534 2258 aut
547 2200 694 2260 honestati.

188 2277 317 2335 'l'ertium
331 2288 375 2336 est
393 2281 579 2354 propositum,
593 2281 666 2337 utin
687 2280 870 2338 beneficentia
884 2281 929 2339 de-

115 2403 119 2410 .
148 2354 237 2413 lectus
252 2366 327 2413 esset
340 2356 497 2432 dignitatis:
513 2359 543 2414 in
557 2377 613 2429 quo
627 2367 655 2414 et
667 2376 759 2414 mores
774 2359 836 2433 ejus
850 2371 929 2416 erunt

148 2433 303 2510 spectandi,
316 2435 345 2492 in
360 2453 444 2507 quem
463 2436 629 2498 beneficium
650 2435 816 2496 conseretur.
831 2446 858 2491 et
871 2439 927 2494 ani·

180 2593 194 2622 *
208 2591 347 2654 Suppetunt.
363 2590 422 2638 This
434 2589 523 2638 verbis
540 2591 667 2651 employed
680 2592 712 2650 by
725 2591 821 2648 Cicero,
833 2591 891 2650 only
903 2592 925 2637 in
974 2635 975 2644 ,

150 2654 191 2700 tlte
202 2654 266 2701 third
284 2669 381 2714 person,
393 2655 502 2715 singular
521 2669 549 2700 or
569 2654 656 2712 plural.
691 2654 764 2699 Some
785 2654 856 2701 MSS.
867 2657 925 2706 rond

148 2718 306 2793 suppeditent.
339 2719 465 2765 Lucretius
485 2717 539 2776 (lib.
553 2716 646 2776 ib47.)
666 2717 777 2775 employs
796 2718 837 2763 the
856 2717 927 2764 latter

149 2783 208 2826 'ab
219 2781 569 2903 m‘lblalbinieessdilibppeditet
581 2843 653 2890 rebus
665 2841 833 2900 reparandis?
