1984 3276
111 178 150 232 22
395 176 442 222 DE
459 172 609 232 Osarene.

111 317 201 374 nostri
215 325 321 393 partem
335 316 423 391 patria
435 315 567 384 vindicat,
576 323 685 390 partem·
695 313 796 381 amicir
811 323 918 388 atque

111 406 143 453 ut
157 397 247 472 placet
274 394 405 462 Stoicis*
430 411 491 465 quae
519 393 653 450 interris
679 393 841 468 gignuntur,
859 397 915 454 aad
972 453 973 466 ,

112 493 195 532 usum
220 473 373 529 hominum
388 473 483 530 omnia
508 472 614 538 crearii
648 471 778 528 homines
801 483 910 533 autem
972 477 973 538 l

112 551 260 615 hominum
285 569 384 606 caussa
398 569 461 607 esse
482 563 636 628 generatos,
651 560 683 606 ut
701 549 757 624 ipsi
777 549 854 606 inter·
870 571 911 610 se

113 629 175 686 aliis
190 629 237 684 alii
250 627 386 704 prodesse
401 639 532 704 possent:
554 630 584 686 in
599 629 653 685 hoc
667 637 791 684 naturam
813 627 910 687 debe-

112 725 176 765 mus
190 707 291 764 ducem
306 709 395 780 sequi,
409 726 573 764 communes
585 707 715 763 utilitates
729 705 757 762 in
769 706 904 768 medium

112 784 220 852 afferre,
235 787 388 843 mutatione
404 786 586 854 officiorum,†
600 783 700 851 dando,
719 783 903 858 accipiundo,

112 873 172 921 tum
186 864 300 932 artibus,
321 873 380 922 turn
402 883 497 940 opera,
519 875 579 921 tum
599 863 783 928 facultatibus,
800 861 901 922 devin-

112 942 169 999 cire
184 941 331 1000 hominum
345 943 417 1000 inter
430 943 560 1000 hornines
575 942 746 998 societatem.
787 940 904 1000 Funda-

23 1051 28 1064 ·
112 1032 238 1079 mentum
253 1032 296 1078 est
316 1031 408 1078 autern
425 1021 540 1096 justitiae
561 1019 641 1086 tides,
654 1019 682 1076 id
703 1027 746 1076 eet
759 1018 898 1080 dictorum

112 1109 369 1171 conventorumque
390 1099 545 1167 constantia
565 1108 593 1156 et
613 1099 723 1156 veritas.
765 1097 813 1154 Ex
828 1116 897 1170 quo,

112 1195 282 1250 quamquam
297 1178 351 1235 hoc
365 1178 503 1235 videbitur
515 1177 632 1234 sortasse
653 1177 775 1252 cuipiam
790 1175 901 1246 durius,
968 1159 973 1400 p

112 1264 206 1312 tamen
217 1256 367 1313 audeamus
383 1257 484 1312 imitari
506 1257 627 1321 Stoicos,
642 1256 691 1327 qui
711 1255 835 1314 studiose
850 1273 900 1316 ex-

112 1333 236 1404 quirunt,
248 1335 322 1390 unde
335 1336 419 1390 verba
429 1335 486 1391 sint
496 1333 595 1401 ducta;
611 1333 822 1405 credamusque,
832 1336 899 1404 quia

112 1412 154 1478 fit,
167 1411 241 1483 quod
263 1412 367 1470 dictum
383 1423 435 1480 est,
451 1413 617 1488 appellatam
631 1411 743 1485 iidemu
783 1411 839 1468 Sed
857 1413 900 1470 in·
972 1419 973 1456 l

106 1489 225 1566 justitiae
239 1509 342 1566 genera
355 1491 410 1548 duo
425 1504 507 1548 sunt:
529 1509 616 1547 unum
638 1508 744 1555 eorum,
760 1491 817 1561 qui'
829 1490 899 1548 infe-

112 1580 195 1636 mnt;
217 1571 333 1627 alterum
348 1589 455 1638 eorum,
477 1570 525 1642 qui
540 1569 573 1626 ah
588 1570 633 1637 ils,
650 1569 750 1640 quibus
772 1567 897 1636 infertur,

110 1647 139 1704 si
153 1659 282 1727 possunt,
301 1664 361 1707 non
378 1649 543 1730 propulsant
561 1648 716 1725 injuriam.§
758 1645 833 1703 Nam
848 1647 896 1718 qui

144 1821 283 1883 *captaret
296 1822 386 1870 Stoicis.
403 1823 430 1869 ln
443 1823 584 1881 particular,
596 1819 756 1880 Chrysippus.
783 1820 845 1867 Vide
855 1820 896 1868 De
972 1871 973 1884 ἦ

113 1885 169 1938 fin.
181 1886 221 1930 lib.
232 1899 270 1933 rrr.
281 1900 302 1931 c.
313 1887 352 1932 20.
364 1888 412 1930 and
422 1887 459 1930 De
468 1885 499 1931 N.
511 1886 628 1942 Deorum,
641 1885 672 1930 lib
695 1899 723 1930 rr.
732 1900 753 1932 c.
765 1886 804 1930 62.
822 1885 896 1935 Some

113 1949 205 1994 editors
218 1961 331 2007 expungo
343 1957 377 2005 ut,
389 1963 420 1992 on
430 1956 534 1993 account
545 1945 574 1993 of
583 1949 623 1992 the
633 1947 761 2008 infinitires
771 1948 895 2010 following
972 1985 973 2006 ,

109 2011 198 2077 piacet.
231 2011 340 2059 Scheller
362 2011 443 2056 thinks
463 2010 539 2056 creari
561 2011 647 2056 should
669 2013 699 2055 be
721 2013 847 2059 corrected
870 2021 895 2058 to

112 2077 193 2122 erecto
204 2077 267 2131 aunt,
276 2072 318 2133 tiso.
351 2073 453 2132 Pearce,
465 2075 503 2118 for
514 2077 584 2135 etque
596 2074 667 2120 reads
679 2081 831 2138 constatque.-
847 2075 895 2123 Oli·

113 2147 162 2196 ret,
174 2138 298 2197 following
320 2137 464 2194 Lambinus,
481 2139 552 2182 reads
568 2142 638 2199 utque
656 2136 691 2184 itu
711 2140 797 2200 piacet.
830 2140 893 2186 Hen-

113 2217 198 2260 mann,
210 2205 281 2262 aitque
290 2200 377 2261 placet.
410 2199 449 2246 No
462 2200 515 2246 MS.
528 2201 571 2246 has
584 2203 645 2248 been
662 2204 770 2251 referred
789 2211 824 2259 to,
836 2217 894 2250 war·

113 2266 214 2324 ranting
230 2279 278 2323 any
291 2265 320 2308 of
328 2264 396 2310 these
408 2264 536 2324 readings:
555 2265 596 2310 the
608 2277 706 2324 present
724 2267 744 2313 is
763 2267 894 2314 confirmed

112 2331 144 2388 hy
158 2343 190 2376 nn
206 2335 303 2374 extract
314 2328 377 2374 from
390 2328 430 2374 the
446 2329 575 2374 venerable
592 2329 668 2388 Bede,
679 2332 734 2377 who
747 2331 796 2376 had
808 2331 895 2388 quoted

113 2393 168 2439 itin
182 2393 222 2437 the
234 2405 302 2438 same
315 2401 399 2437 ternas.
593 2441 594 2446 ,
868 2439 870 2446 ¹

145 2460 156 2510 l
168 2454 302 2502 Mutatione
314 2453 454 2517 officiorum.
486 2454 522 2514 By
534 2454 670 2515 reciprocal
682 2457 747 2518 good
758 2454 847 2502 offices.

145 2522 156 2578 l
167 2519 260 2572 Fidem.
270 2518 306 2578 By
317 2520 382 2564 wirnt
391 2533 489 2578 process
492 2517 556 2583 fides
565 2522 622 2566 used
633 2520 656 2564 in
670 2520 699 2567 its
709 2529 807 2578 present
819 2531 897 2580 sense,

113 2599 160 2631 can
173 2587 202 2630 be
215 2583 309 2630 formed
321 2585 384 2629 from
396 2599 443 2642 any
455 2584 537 2628 verba!
549 2583 647 2630 derived
657 2585 719 2630 from
721 2581 768 2646 fio,
781 2583 798 2628 it
810 2582 829 2628 ie
838 2583 895 2631 didi·
972 2605 973 2630 t

114 2649 165 2694 cult
178 2656 203 2694 to
215 2649 304 2694 divine.
320 2698 321 2704 ἵ
337 2647 390 2693 The
407 2648 524 2706 ordinary
537 2648 636 2706 opinion
649 2648 669 2694 ia
682 2649 752 2694 much
766 2661 833 2692 more
845 2662 895 2706 pro·

113 2712 185 2757 bable
197 2710 319 2776 thatfidss
331 2711 350 2757 is
362 2711 460 2760 derived
477 2712 538 2756 from
555 2726 571 2757 a
581 2726 647 2758 noun
659 2714 688 2758 of
696 2711 788 2758 similar
800 2711 895 2773 impert,

114 2773 211 2821 formed
222 2777 285 2827 from
298 2771 371 2827 naida
383 2791 390 2834 ;
403 2790 430 2824 as
441 2773 529 2827 uicere
540 2776 634 2824 AEolice
643 2774 739 2836 reluere.

147 2835 161 2898 d
181 2837 417 2913 Unum-injurium,
451 2840 591 2904 According
609 2848 635 2890 to
655 2844 695 2891 the
708 2841 860 2894 distribution
870 2840 899 2891 of
