1970 3272
330 211 333 218 t

313 224 379 274 LIB.
392 222 422 276 ll.
437 225 514 274 CAP.
521 225 591 274 XIV.
796 227 850 284 171

53 365 99 424 eit
112 365 231 442 saepius,
246 367 287 425 rei
301 367 419 441 publicae
433 368 534 425 tribuat
546 367 601 425 hoc
621 365 757 434 muneris,
772 366 852 442 cujus

56 445 198 502 inimicos
213 445 312 502 ulcisci
326 446 440 520 sepius,
455 465 511 503 nen
526 455 570 503 est
582 444 853 520 reprehendendum.

56 522 173 582 Modus
200 532 294 580 tamen
321 523 402 580 adsit.
445 523 517 581 Duri
544 524 620 580 enirn
648 523 782 590 hominis,
808 522 854 580 vel

55 602 160 676 potius
174 601 224 658 vix
242 601 366 658 hominis
386 601 504 668 videtur,
518 601 674 676 periculum
694 602 793 677 eapitis
812 600 853 658 in·

56 679 136 736 serre
151 679 257 736 multis.
298 679 416 736 Iduum
437 680 627 756 periculosum
649 679 705 755 ipsi
726 693 779 748 est,
794 691 854 738 tum

56 758 151 815 etiam
174 756 318 816 sordidum
346 757 381 815 ad
404 757 516 824 famam,
541 759 725 826 committere,
751 768 783 816 ut
809 775 854 814 ec·

56 846 178 893 cusator
210 836 378 894 neminere:
415 836 491 908 quod
523 835 640 912 contigit
667 837 711 894 M.
737 835 854 902 Brutod*

57 932 179 971 summo
193 933 295 990 genere
309 926 384 984 nete,
399 915 474 974 illius
487 916 557 984 filio,
572 914 621 988 qui
631 914 703 992 juris
718 915 809 972 civilis
824 914 854 972 in

56 991 165 1070 primis
180 993 285 1068 peritus
299 993 360 1054 fuit.
630 1039 632 1046 >

101 1071 198 1142 Atque
217 1072 301 1130 etiam
321 1073 376 1130 hoc
399 1082 570 1149 preceptum
595 1070 682 1130 officii
706 1070 854 1147 diligenter

59 1149 219 1207 tenendum
248 1161 302 1217 est,
328 1170 364 1209 ne
391 1169 476 1222 quem
509 1169 643 1222 umquam
676 1151 854 1210 innocentem

57 1226 205 1306 [judicio]
227 1229 326 1304 cepitis
349 1246 491 1286 arcessas:
518 1228 546 1286 id
568 1229 643 1286 enim
666 1231 728 1286 eine
746 1228 854 1286 scelere

57 1305 126 1363 fieri
146 1307 223 1364 nullo
243 1318 325 1382 paeto
344 1318 445 1382 potest.
488 1307 563 1364 Nam
584 1305 715 1377 quidest
737 1321 793 1364 tem
813 1307 855 1364 in·

57 1384 230 1450 humanum,
243 1403 326 1455 quam
337 1385 534 1455 eloquentiam,
547 1403 564 1440 a
577 1393 673 1441 nature
686 1384 720 1442 ed
734 1385 852 1443 salutem

58 1461 214 1520 homiuum
225 1473 252 1518 et
263 1461 297 1517 ad
308 1463 548 1520 conservationem
559 1461 660 1530 datum,
671 1461 704 1520 ed
716 1464 853 1521 bonerum

58 1549 176 1616 pestem
190 1539 398 1612 perniciemque
413 1539 593 1596 converterel
635 1539 698 1597 Nee
710 1549 813 1606 tamen,
825 1549 856 1597 ut

59 1619 121 1676 hoc
136 1615 300 1692 fugiendum
315 1628 368 1681 est,
384 1616 451 1672 item
470 1627 514 1674 eet
537 1615 694 1674 habendum
715 1615 854 1692 religioni,

59 1706 216 1754 nocentem
236 1693 394 1765 aliquando,
410 1691 495 1750 medo
516 1711 551 1750 ne
572 1691 707 1750 nefarium
722 1692 853 1768 impium·

60 1791 121 1846 que
141 1771 300 1830 defendere.
342 1771 411 1830 Vult
431 1770 486 1828 hoe
500 1769 658 1838 multitudo,
673 1769 776 1847 petitur
789 1787 855 1830 oon·

61 1850 196 1917 suetudo,
203 1851 256 1908 fert
266 1850 350 1908 etiem
361 1849 529 1908 humanitus.
556 1845 575 1907 J
577 1847 666 1908 udicio
678 1857 730 1918 eet,
742 1865 856 1926 tempor

58 1930 94 1986 in
114 1928 222 1984 caussis
245 1947 342 1986 rerum
364 1927 460 2001 sequi:
483 1927 601 2005 petroni,
623 1945 681 1986 nen
701 1943 854 2001 numquam

61 2006 127 2065 veri
146 2005 249 2075 simile,
262 2005 345 2065 etiem
359 2007 385 2065 si
398 2007 492 2066 minus
507 2005 545 2065 eit
557 2023 664 2077 verum,
677 2003 855 2072 defenderet

96 2183 112 2215 ⁸
128 2180 163 2230 M.
175 2181 258 2232 Brute.
290 2182 326 2233 M.
337 2182 427 2233 Juniue
439 2173 583 2244 Brutoque
595 2181 672 2234 lltlhor
682 2181 711 2234 of
718 2181 752 2234 M.
764 2181 854 2238 Brutus

61 2248 154 2295 named
165 2247 192 2296 in
202 2248 244 2297 tho
254 2255 313 2308 text,
323 2249 452 2312 compored
463 2263 529 2298 rome
540 2249 615 2299 books
627 2263 658 2299 on
669 2249 710 2300 tho
721 2245 854 2313 tnunlolpol

62 2312 112 2360 lew
123 2313 153 2361 of
164 2313 247 2364 Reme.
280 2313 334 2363 'Pho
351 2329 395 2363 oon
406 2329 457 2364 wne
475 2329 506 2364 on
523 2321 597 2364 terme
609 2313 638 2364 of
649 2314 742 2380 enmity
755 2313 813 2364 with
825 2311 854 2363 L.

61 2377 175 2437 Croesus,
191 2379 232 2428 tlte
248 2387 335 2439 orator,
352 2379 400 2428 end
412 2395 463 2428 wue
480 2393 494 2428 e
510 2377 619 2443 frequent
635 2393 747 2440 uecurort
763 2393 854 2444 onlong

62 2442 153 2501 othere,
164 2444 194 2492 of
200 2445 235 2493 M.
247 2445 360 2503 Scaurus,
371 2445 412 2494 the
424 2443 539 2508 Princeps
550 2451 655 2494 senalus.

96 2507 109 2558 ‘t
122 2507 391 2574 Patroni-defendere.
424 2508 463 2558 Το
478 2524 571 2574 etrqwer
583 2511 624 2558 tlte
635 2524 750 2572 qmrposee
761 2507 790 2556 of
801 2505 855 2556 tub·

62 2571 163 2620 stentiel
176 2574 272 2636 justice,
283 2575 303 2623 it
319 2575 340 2624 ie
356 2574 382 2624 in
394 2573 425 2624 ell
437 2588 504 2623 eesoe
516 2589 643 2638 neoeeeury
656 2573 708 2622 thet
724 2571 764 2621 the
778 2571 854 2635 judge

64 2635 152 2684 should
163 2635 224 2685 heve
235 2639 315 2690 before
326 2639 378 2689 him
390 2655 404 2688 e
416 2639 532 2702 completo
545 2643 673 2689 statement
681 2635 710 2685 of
716 2637 756 2684 tho
768 2641 855 2684 mutter
933 2687 938 2702 ,

65 2701 92 2749 in
103 2701 203 2749 debete:
220 2702 246 2750 in
257 2705 326 2753 order
337 2711 363 2752 te
374 2717 473 2766 propere
482 2703 508 2762 it,
518 2701 674 2767 impertinlity
685 2699 791 2762 requiem
802 2699 855 2750 thet

65 2765 127 2814 euch
138 2765 236 2840 litigent
246 2775 316 2844 porey
326 2767 411 2818 should
423 2767 483 2816 heve
494 2769 535 2817 the
545 2767 633 2817 bonofit
642 2765 671 2814 of
676 2763 796 2838 thet'elrill
807 2765 854 2813 end

65 2829 853 2961 numennumen.
