1984 3276
128 178 148 236 4
412 179 460 230 ΒΕ
477 176 629 228 OFFIGIIS.

129 323 206 384 enirn
219 319 358 398 impedio)
372 321 525 379 orationem
539 329 632 378 autem
645 317 774 380 Latinam
788 318 926 396 profecto

128 401 254 480 legendis
268 399 371 458 nostris
388 398 494 456 efficies
507 399 671 474 pleniorem.
713 397 777 456 Neo
790 417 860 456 vero
877 417 925 458 ar·

130 490 257 556 rogantes
270 478 324 536 hoo
338 476 443 534 dietum
454 477 611 544 ,existirhari
625 477 719 534 velim.
761 477 837 534 Nam
853 478 923 555 plri-

129 555 296 632 losophandi
310 557 456 616 seientiam
476 556 633 614 concedens
655 556 760 623 multis,
782 555 860 627 quod
875 566 922 613 est

130 637 245 694 oratoris
260 636 414 712 proprium,
433 643 510 710 apte,
528 635 668 702 distinete,
682 637 795 692 ornate*
809 634 920 701 dicere,

130 714 263 786 quoniam
277 715 307 772 iu
320 732 354 771 eo
369 713 461 770 studio
480 724 587 770 aetatem
609 714 763 780 oonsurnsi‚
781 713 806 768 si
821 712 851 768 id
867 714 923 770 mi-

130 791 160 850 hi
175 811 298 860 assumo,
313 792 409 854 videor
423 792 451 850 id
463 811 527 850 meo
537 793 601 868 jure
616 791 735 864 quodam
755 790 841 862 ruodo
856 792 922 848 vin-

128 869 230 930 dioare.

170 949 261 1014 Quam
277 950 312 1014 ob
326 966 385 1006 rem
396 967 502 1025 ,magno
516 967 600 1024 opere
615 959 641 1004 te
654 947 760 1016 hortor,
776 947 815 1016 mi
834 946 921 1007 (liee-

130 1045 172 1095 ro‚
187 1038 220 1086 ut
243 1046 300 1086 non
315 1027 408 1086 solum
426 1028 566 1086 orationes
589 1045 677 1092 meas,
699 1027 750 1084 sed
764 1027 816 1089 hos
831 1027 918 1086 etiarn

131 1103 165 1164 de
180 1101 361 1182 philosophia
374 1106 471 1173 librae,
484 1106 533 1178 qui
544 1106 603 1181 jam
619 1105 674 1164 illis
689 1105 746 1162 sere
761 1116 918 1176 aequarunt‚
975 1109 978 1170 ζ

131 1183 255 1242 studiose
269 1185 357 1260 legas.
396 1184 449 1244 Vis
470 1185 546 1242 eninr
560 1183 671 1248 dicendi
686 1184 775 1259 major
789 1182 865 1261 [est]
887 1185 919 1244 in

132 1263 199 1330 illis,
221 1262 272 1320 sed
291 1263 346 1321 hoo
370 1281 481 1335 quoque
500 1262 653 1320 colendum
676 1273 720 1320 est
740 1263 874 1334 aequabile
890 1274 919 1321 et

99 1381 103 1392 -
131 1349 317 1417 temperatum
339 1341 473 1400 orationis
496 1359 595 1416 genus.
633 1341 673 1398 Et
686 1341 714 1398 id
735 1339 848 1414 quidem
869 1361 918 1400 ne·

132 1420 203 1478 mini
217 1419 299 1476 video
321 1417 485 1478 Graeoorurn
505 1419 596 1478 adhue
617 1417 780 1495 contigisse,
795 1429 826 1477 ut
839 1419 918 1479 idem

132 1507 250 1571 utroque
261 1499 291 1556 in
302 1516 404 1575 genere
414 1499 575 1568 elaboraret,
586 1509 803 1571 sequereturque
812 1508 840 1556 et
849 1499 918 1558 illud

132 1575 244 1636 forense
255 1576 377 1645 dicendi,
389 1587 417 1636 et
427 1579 482 1636 hoo
494 1577 621 1649 quietum
635 1576 795 1654 disputandi
808 1596 915 1653 genus:

133 1657 191 1716 nisi
212 1657 282 1719 forte
302 1656 479 1719 Demetriou
498 1657 653 1716 Phalereus
674 1658 705 1714 in
725 1656 780 1714 hoo
800 1675 918 1714 numero

133 1735 230 1794 haberi
244 1746 346 1813 potest,
362 1737 516 1814 disputator
526 1737 647 1802 subtilis,
662 1743 753 1791 orator
764 1753 862 1808 parurn
872 1753 918 1792 ve·

133 1813 266 1880 hemens;
288 1814 378 1870 duleis
401 1825 494 1870 tamen
515 1823 546 1870 ut
567 1812 775 1888 Theophrasti‡
796 1813 918 1891 discipu·

133 1969 221 2016 Cicero
236 1967 337 2021 himself
344 1969 374 2013 os
386 1968 427 2014 the
439 1966 579 2014 Academic.
611 1967 744 2029 Agreeing,
756 1983 783 2016 as
796 1971 853 2016 both
866 1970 917 2032 did,
977 1979 978 1984 ’

133 2032 159 2079 ἰη
169 2032 272 2091 bearing
284 2039 379 2090 respect
391 2039 416 2077 to
429 2029 542 2078 Socrates
552 2033 601 2078 and
609 2039 634 2077 to
644 2031 723 2090 Plato,
735 2033 776 2086 the
787 2033 917 2082 differerace

133 2098 242 2142 between
253 2095 319 2144 them
331 2102 430 2154 cannot,
442 2094 472 2140 he
484 2109 549 2154 says,
561 2097 591 2142 be
606 2097 783 2144 considerable.

166 2161 180 2188 ³
201 2159 297 2208 Oroete.
314 2158 342 2204 In
359 2159 427 2206 three
443 2159 531 2218 words,
549 2161 590 2206 the
608 2160 735 2220 requisites
756 2162 794 2208 lor
810 2161 851 2209 tbe
870 2163 917 2210 doe

134 2224 338 2274 communication
351 2225 385 2277 ol
400 2236 445 2269 our
456 2223 524 2270 ideas
536 2238 579 2274 are
595 2227 754 2272 enumerated
771 2227 821 2272 and
833 2225 918 2283 placed

135 2289 159 2336 iu
172 2288 234 2334 their
246 2289 327 2334 order.
358 2287 410 2334 The
422 2288 544 2347 languege
556 2289 580 2336 ln
592 2286 671 2334 which
683 2289 741 2348 they
753 2303 795 2335 are
807 2303 918 2347 express·

135 2353 165 2400 ed
175 2351 259 2400 should
270 2353 299 2398 be
310 2349 469 2414 appropriate,
480 2350 552 2409 clear,
565 2353 669 2418 elegant.

168 2419 179 2470 i
196 2415 335 2462 Demetrius.
370 2415 432 2462 Rorn
454 2423 480 2461 at
499 2413 632 2475 Phaleron,
648 2429 695 2460 one
712 2415 741 2460 ot'
755 2415 797 2460 the
814 2426 880 2472 ports
892 2417 922 2460 os
977 2405 978 2434 ¹

136 2481 235 2529 Athens.
268 2479 364 2539 During
376 2480 416 2525 the
428 2479 497 2540 reign
507 2481 536 2524 of
544 2479 684 2527 Cassander
693 2477 717 2522 in
730 2477 859 2534 Macedon,
868 2479 915 2524 and

135 2547 213 2593 under
232 2543 270 2590 his
289 2543 410 2590 intluence
427 2543 565 2592 Demetrius
583 2559 632 2590 was
651 2541 719 2588 chief
736 2541 876 2599 magistrare
893 2541 916 2590 in

137 2611 246 2665 Athens,
263 2607 336 2667 being
347 2608 489 2656 afterwards
501 2607 628 2667 banished,
636 2607 667 2651 he
676 2603 732 2650 died
745 2605 768 2650 in
784 2605 871 2665 Egypt.

169 2676 180 2732 i
201 2669 359 2734 Theophrasti.
379 2672 490 2718 snarive
502 2671 531 2716 os
541 2671 631 2718 Lesbos
644 2669 692 2716 aud
705 2669 805 2728 disciola
817 2672 846 2716 ol'
855 2672 917 2720 Aris·

136 2740 204 2794 totle,
216 2738 294 2782 whom
307 2735 337 2780 he
349 2736 482 2782 succeeded
495 2750 521 2782 as
534 2734 704 2783 instructores
720 2734 761 2780 the
774 2734 916 2794 Peripatetio

136 2802 226 2850 school.
259 2799 354 2858 During
366 2813 381 2844 e
397 2799 456 2859 long
467 2799 516 2859 lise,
528 2800 559 2846 he
570 2802 671 2848 became
688 2813 704 2844 a
715 2798 865 2848 volunrinous
878 2816 916 2848 au·

135 2865 204 2910 thor:
223 2865 267 2908 but
282 2865 311 2908 os
327 2863 363 2908 his
376 2865 463 2922 works,
480 2867 639 2912 enumereted
656 2867 688 2925 hy
700 2863 776 2926 Diog.
794 2865 875 2914 Laert.
888 2865 914 2912 V.

134 2927 173 2978 42.
185 2928 222 2974 his
233 2922 306 2976 litari
316 2925 474 2993 ppassim,
484 2930 533 2976 and
546 2929 583 2978 his
593 2929 692 2979 treatise
704 2924 754 2994 napi
767 2931 845 2993 φυτῶν
858 2931 915 2977 have
977 2925 978 2972 l
