1970 3278
303 200 369 251 ΗΒ.
377 199 398 252 1.
415 200 494 252 cAP.
505 201 598 252 XLIV.
791 197 846 254 129

1 396 6 432 Ι
56 349 254 420 postmortem
267 344 457 404 monumentis
473 343 626 403 litteremm
648 348 845 415 assequuntur.

0 484 1 507 χ
58 421 124 480 Nec
133 422 293 482 enimlocus
302 425 375 483 ullus
385 425 588 501 pretermissus
598 431 642 480 est
652 423 686 480 ab
698 422 744 488 iis,
754 417 848 494 qniad

57 499 147 578 leges,
162 502 210 572 qui
224 501 259 560 ad
272 521 375 570 mores,
398 503 446 574 qui
460 503 496 559 ad
509 501 688 578 disciplinam
702 500 742 558 rei
757 497 847 574 publi·

56 597 99 636 ce
112 580 280 656 pertineret·;
301 591 333 638 ut
348 582 436 639 otium
450 598 532 638 suum
555 579 588 647 ad
614 589 741 637 nostrum
762 594 848 652 nego·

0 722 1 743 χ
56 657 130 716 tium
152 659 305 716 contulisse
318 657 492 716 rideamne*
530 656 573 715 Ita
586 652 627 714 illi
647 657 703 733 ipsi
714 656 847 714 doetrinae

56 735 159 794 stridiis
174 745 202 794 et
215 736 358 812 sapientie}
372 736 468 803 dediti,
488 735 523 792 ad
543 736 691 794 hominum
701 734 848 792 utilitatem

56 833 141 874 suom
164 814 376 890 intelligentiam
402 813 633 891 prudentiamque
667 813 847 889 potissimum

1 953 3 978 ι
57 892 216 950 conlenmt.
257 892 302 950 Ob
316 911 433 966 eamque
447 910 576 950 caussam
600 892 695 963 eloqui
719 891 847 966 copiose,

1 1033 2 1050 χ
55 967 146 1031 modo
159 969 318 1048 prudenter,
332 973 434 1030 melius
448 981 501 1038 est,
516 989 601 1044 quam
618 971 665 1027 vel
686 969 847 1026 acutissime

1 1063 2 1120 j
57 1048 123 1105 sine
137 1047 297 1120 eloquentia
310 1051 452 1127 cogitare:
474 1048 551 1121 quod
571 1048 703 1124 cogitatio
717 1047 747 1103 in
761 1065 792 1102 se
807 1045 849 1121 ip·

1 1193 2 1210 χ
57 1128 225 1196 severtium,
235 1129 394 1202 eloquentia
404 1129 598 1204 complectitur
608 1145 668 1194 eos,
680 1125 848 1198 quibuscum

57 1206 258 1264 communitate
274 1208 366 1284 juncti
376 1225 485 1265 sumus.

98 1283 191 1356 Atque
202 1295 233 1343 ut
243 1287 339 1361 apium
352 1285 484 1342 examina
495 1303 553 1342 non
566 1279 761 1360 fingendomm
775 1279 850 1339 sa'vo-
909 1317 914 1328 ·

1 1363 2 1368 ’
56 1380 121 1421 rum
143 1381 243 1420 caussa
255 1372 468 1438 congregantur,
483 1360 544 1429 sed,
560 1380 623 1420 eum
643 1359 851 1436 congregabilia

63 1449 164 1500 natura
176 1441 243 1508 sint,
256 1441 367 1516 fingunt
379 1440 475 1498 savos:
497 1441 539 1497 sic
553 1440 694 1506 homines,
708 1456 740 1495 ac
761 1437 850 1495 multo

63 1518 150 1576 etiam
170 1515 271 1593 magis,
292 1529 390 1575 natura
409 1518 579 1594 congregati,
599 1516 730 1574 adhibent
749 1514 851 1592 agendi

1 1603 3 1623 '
63 1593 261 1672 cogitandique
286 1595 447 1652 sollertiam.
487 1595 585 1666 Itaque
615 1594 671 1650 nisi
696 1611 729 1650 ea
752 1595 851 1659 virtus,

62 1691 127 1749 que
155 1681 265 1732 constat
290 1689 327 1730 ex
353 1671 515 1730 hominibus
542 1670 664 1738 tuendis,
692 1669 789 1728 idest
815 1687 852 1726 ex

1 1749 3 1770 l
63 1752 199 1812 societate
224 1751 334 1830 generis
362 1750 488 1818 humani,
522 1746 636 1826 attingat
662 1747 852 1824 cognitionem

1 1827 2 1860 ³
62 1850 168 1900 rerum,
183 1829 309 1908 solivaga
321 1829 445 1906 cognitio
460 1838 487 1886 et
496 1828 595 1904 jejuna
608 1825 743 1884 videatur.
769 1824 854 1884 Item·

63 1928 120 1984 que
134 1909 296 1987 magnitudo
319 1908 416 1976 animi,
433 1905 542 1975 semota
564 1905 763 1964 communitate
786 1923 852 1962 con·

58 1989 263 2067 junctioneque
285 1988 418 2056 humana,
441 1986 535 2044 soritas
559 1985 596 2042 sit
620 1984 747 2058 quedam
760 1993 789 2041 et
801 1984 853 2041 im-

62 2067 194 2127 manitas.
234 2066 276 2124 Ita
297 2067 339 2135 fit,
361 2075 393 2124 ut
419 2065 513 2124 vincat
536 2063 704 2141 cognitionis
728 2061 852 2122 studium

62 2145 238 2205 consociatio
252 2145 401 2204 hominum
415 2154 498 2218 atque
512 2144 709 2202 communitas.

103 2225 168 2284 Nec
181 2243 278 2282 verum
292 2233 346 2291 est,
360 2221 436 2296 quod
445 2223 571 2280 dicitura
581 2220 758 2294 quibusdam,
769 2239 854 2299 prop·

61 2314 106 2364 ter
123 2303 322 2363 necessitatem
342 2302 417 2368 vite,
432 2301 508 2374 qnod
521 2319 565 2369 ea,
580 2318 642 2374 quae
661 2309 759 2358 natura
780 2299 854 2358 desi·

62 2383 181 2450 deraret,
197 2382 334 2453 consequi
348 2380 410 2438 sine
425 2380 487 2438 aliis
502 2391 584 2452 atque
599 2377 710 2436 efficere
721 2397 779 2436 non
788 2396 854 2454 pos-

62 2479 170 2530 semus,
187 2459 291 2518 idcirco
312 2459 408 2516 initam
429 2477 493 2516 esse
515 2477 580 2518 cum
601 2457 763 2516 hominibus
777 2473 854 2512 com·

62 2541 240 2607 munitatem,
255 2547 284 2596 et
297 2537 477 2596 societatem:
500 2535 575 2611 quod
597 2536 622 2593 si
645 2535 740 2593 omnia
760 2533 852 2598 nobis,

97 2742 263 2795 'omeliaco
280 2720 416 2795 videantur.
458 2741 557 2807 Tlougl
567 2740 622 2804 tley
631 2734 772 2787 themselves
790 2734 855 2782 lived

63 2812 96 2942 {a}
100 2823 211 2941 maog,
218 2810 280 2860 stete
289 2810 367 2871 qffmte
379 2825 440 2860 iocre
449 2805 555 2857 directed
563 2812 587 2853 to
595 2803 631 2866 fit
641 2800 720 2850 othere
730 2799 773 2864 sor
784 2815 800 2848 a
811 2797 854 2864 lise
