1970 3272
358 188 423 238 am.
430 188 475 238 111.
492 189 569 239 cae.
580 189 623 239 ιν.
807 261 811 270 ,
830 195 884 252 eet

4 395 7 412 ,
90 329 197 388 Vicit*
210 316 278 408 'ergo
295 330 397 389 utilitas
417 330 614 390 honestateml
653 330 745 409 Immo
759 351 825 392 vero
838 334 889 393 ho·

4 419 6 430 '
88 418 237 470 nestatem
258 409 362 466 'utilitas
387 417 431 466 eat
454 419 613 467 consecuta.
654 409 760 482 ltaque,
774 421 806 468 ut
824 412 887 470 eine

87 488 157 546 ullo
171 505 263 546 errore
275 485 427 562 dijudicare
439 487 591 562 possimus,
604 487 629 544 ai
642 489 753 560 quando
764 503 828 546 cum
838 489 888 546 illo

87 565 174 640 quod
192 565 342 622 honestum
363 565 555 640 intelligimus,
570 583 693 641 pugnare
706 567 735 624 id
749 567 887 626 videbitur

4 705 6 728 Ι
86 641 174 716 quod
199 642 372 720 appellamus
386 643 464 709 utile,
490 641 608 698 formula
632 636 757 716 quaedam
782 644 888 703 consti·

4 733 5 740 ’
86 719 202 778 tuenda
221 731 273 788 est,
289 737 373 792 quam
398 720 423 777 ei
444 737 595 790 sequemur
621 720 650 778 in
677 723 885 800 comparatione

4 811 6 876 ss
21 863 26 872 ι
86 816 201 866 rerum,
216 801 251 870 ab
266 797 360 858 officio
374 816 528 870 numquam
542 796 715 875 recedemus.

4 941 5 944 Ἴ
136 875 202 934 Erit
214 888 306 935 autem
319 875 380 933 haec
394 875 512 935 formula
535 875 693 934 Stoicorum
715 879 815 937 rationi
829 876 887 935 die·

85 953 263 1029 ciplinaeque
285 955 408 1012 maxime
427 958 632 1013 consentaneat
656 961 740 1027 quain
768 955 884 1028 quidem

85 1031 142 1091 hia
163 1031 240 1090 libri'e
259 1043 407 1110 propterea
426 1033 579 1105 sequimur,
607 1031 693 1105 quod,
714 1049 885 1106 quamquam

85 1119 121 1168 et
136 1129 153 1166 a
166 1111 305 1170 veteribus
330 1109 516 1174 Academicis,
531 1119 588 1167 eta
607 1111 801 1186 Peripateticis
822 1125 886 1166 vee-

84 1187 158 1250 triel
172 1189 221 1261 qui
234 1187 375 1261 quondam
390 1185 474 1244 iidem
487 1197 574 1252 erant,
589 1205 651 1260 quae
671 1187 791 1246 honesta
807 1193 885 1250 aunt,

4 1259 5 1288 ²
85 1276 301 1342 anteponuntur
311 1265 346 1321 iie
358 1281 420 1336 quae
430 1261 558 1319 videntur
570 1264 666 1330 utilia;
681 1273 802 1323 tamena
824 1263 885 1319 len·

84 1343 188 1402 didius
204 1343 266 1400 haec
286 1342 321 1400 ab
340 1341 382 1399 eie
407 1339 590 1403 disseruntur.
611 1340 723 1410 quibua,
745 1342 794 1414 qui
816 1335 886 1411 quid

4 1439 5 1444 ¹
74 1412 245 1479 'honestum
259 1429 312 1485 eat,
327 1417 403 1475 idern
415 1417 484 1473 utile
503 1415 621 1482 videtur,
642 1434 695 1473 nec
714 1419 782 1475 utile
803 1413 886 1488 quid·

4 1489 5 1502 *
86 1513 180 1571 quam
193 1493 279 1566 'quod
301 1513 359 1552 non
378 1494 548 1559 honestum3
569 1511 652 1564 quam
668 1495 702 1551 ab
715 1495 761 1561 iia,
779 1492 885 1564 quibua

86 1575 246 1636 honestum
259 1569 364 1644 aliquid
376 1589 435 1629 non
449 1569 529 1636 utile,
547 1580 593 1627 aut
611 1569 679 1628 utile
703 1587 761 1628 non
779 1569 886 1626 bonee-

86 1664 163 1713 tum.
204 1649 297 1710 Nobie
325 1657 418 1706 autem
445 1655 541 1704 nostra
567 1645 718 1702 Academia
749 1659 884 1720 magnam

45 1780 49 1788 .
84 1730 234 1793 licentiam
259 1727 315 1796 dat,
335 1735 366 1784 ut
385 1723 572 1797 quodcunque
594 1723 716 1780 maxime
738 1718 885 1800 probabile

84 1819 227 1875 occurrat,
253 1803 283 1864 id
309 1815 406 1864 noetio
422 1803 488 1880 jure
508 1800 606 1875 liceatss
623 1799 781 1860 defendere.
824 1795 884 1854 Sed

84 1887 176 1949 redeo
190 1885 225 1945 ad
238 1883 398 1943 formulam.

122 2091 138 2124 ⁸
154 2087 227 2138 Vicit.
258 2085 330 2135 With
337 2082 449 2142 marion,
457 2079 555 2144 probabi
573 2084 611 2140 ,to
617 2079 658 2130 the
664 2081 736 2133 daath
746 2081 778 2133 os
787 2081 881 2132 cram.

119 2151 319 2218 rrertpateraa
337 2149 432 2199 catria
464 2145 535 2194 Alter
551 2095 641 2194 itatem
655 2147 735 2208 death
745 2148 786 2198 hia
797 2145 882 2196 school

84 2219 198 2270 divided:
214 2215 332 2267 Arietotle
342 2215 442 2264 became
452 2210 494 2260 the
505 2209 567 2258 head
577 2207 607 2257 of
617 2210 669 2260 thet
677 2215 771 2276 portion
782 2212 813 2262 of
824 2211 845 2261 it
855 2216 881 2259 to

83 2285 170 2336 which
180 2299 232 2333 wee
242 2281 317 2347 given
327 2280 369 2330 the
380 2291 452 2326 narne
463 2274 493 2324 of
504 2273 670 2336 Peripatetiaa3
689 2278 730 2328 the
741 2275 880 2328 remandet

84 2351 165 2399 under
176 2348 217 2398 the
229 2347 334 2396 conduct
344 2343 374 2393 of
386 2343 540 2398 Xenocraten
550 2338 659 2391 retained
668 2342 710 2393 the
721 2343 843 2430 doctpinee
853 2339 884 2388 of

6 2433 7 2448 ¹
84 2413 165 2472 Plato,
175 2414 224 2461 and
233 2411 300 2461 thee
316 2403 469 2474 pellationof
479 2403 632 2454 Academica.

6 2483 7 2512 l
80 2498 84 2506 ·
119 2476 279 2529 thorneiam
323 2470 482 2522 tot—liccat.
514 2468 591 2518 Other
606 2470 729 2519 metanoea
739 2469 770 2519 of
786 2452 788 2460 ἲ
807 2468 829 2516 ie
840 2482 876 2516 re·

85 2541 198 2590 dundant
208 2541 279 2588 mode
289 2539 319 2589 of
329 2535 469 2601 expression
484 2549 526 2582 ere
543 2533 624 2592 sormd,
635 2534 652 2582 i.
662 2533 685 2582 3.
696 2534 788 2596 definio

7 2619 9 2646 t
86 2603 251 2666 -deffiaim
266 2597 603 2720 ihbdeliheropgpm-pui
613 2595 752 2646 &emm
