1970 3278
325 151 598 258 uminumxmu
709 272 712 278 Ι
792 210 848 267 125

7 401 8 408 ,
101 347 211 418 Quibus
224 355 317 408 autem
331 349 435 408 ortibus
449 359 497 409 aut
506 349 653 428 prudentis
663 351 753 427 major
762 351 846 418 inest,

6 451 8 488 ι
60 437 184 488 autnon
204 429 354 486 mediocris
374 429 477 486 utilitns
498 429 638 502 quaeritur,
653 439 684 486 nt
697 430 846 497 medicina,

6 539 7 564 ;
59 517 91 567 ut
104 509 295 575 architectura,
310 518 341 565 ut
353 507 479 565 doctrina
491 527 583 566 rernm
598 507 787 573 honestarum,
802 508 846 564 hae

60 597 126 644 sunt
158 587 204 652 iis,
233 605 352 658 quorum
383 586 475 644 ordini
502 587 681 653 conveniunt,
710 588 845 644 honestae.

58 666 220 726 Mercatura
240 678 343 732 nutem,
367 665 393 722 si
416 666 507 722 tenuis
529 675 573 722 est
593 665 706 723 sordido
726 664 851 742 putandtt

59 755 120 803 est:
143 745 188 801 sin
208 762 310 820 magna
323 755 351 800 et
364 745 489 820 copiosa,
505 744 591 801 multa
610 745 733 817 undique
748 763 847 821 appor-

58 832 121 881 tans
142 823 294 895 multisque
314 823 377 880 sine
391 824 528 880 vanitate*
543 823 717 898 impartiens,
732 842 790 881 non
803 832 849 881 cst

57 901 210 960 admodum
234 901 440 978 vituperandos
478 903 571 975 Atque
595 902 688 970 etiam,
704 901 730 959 si
750 903 848 960 satiata

57 994 178 1054 quaestu,
198 980 243 1038 vel
263 981 516 1057 contento-potins,
538 991 570 1039 ut
589 997 664 1057 saepe
685 999 722 1038 ex
742 981 797 1039 alto
817 981 848 1039 in

57 1071 181 1137 portum,
193 1077 230 1117 ex
243 1060 307 1136 ipso
321 1069 403 1136 portu
416 1078 448 1117 se
460 1059 490 1118 in
501 1079 582 1137 egros
594 1061 846 1137 possessionesque

57 1137 186 1207 contulit,
200 1139 309 1197 videtur
323 1139 387 1216 jure
402 1139 510 1216 optimo
524 1158 609 1215 posse
622 1138 737 1197 laudari.
778 1139 847 1196 Om·

56 1218 137 1276 nium
157 1227 249 1276 eutem
270 1235 373 1286 rernm,
388 1236 425 1275 ex
444 1218 546 1290 quibus
567 1217 672 1290 aliquid
685 1217 847 1290 adquiritur,

57 1296 131 1354 nihii
152 1307 196 1354 est
218 1298 275 1373 agri
298 1297 406 1355 cultura
425 1295 537 1363 melius,
551 1297 623 1353 nihil
636 1297 761 1364 uberius,
775 1295 847 1354 nihil

57 1373 178 1442 dulcius,
191 1375 266 1437 nihil
281 1373 430 1452 [homine]
444 1375 534 1432 libero
554 1373 677 1451 dignius.
716 1375 761 1432 De
781 1393 846 1448 quo,

58 1454 194 1525 quoniam
216 1453 245 1508 in
267 1453 377 1510 Catone
391 1454 514 1530 majoress
527 1454 595 1509 satis
612 1453 699 1510 muita
711 1452 846 1519 diximus,

56 1531 137 1590 illinc
150 1547 288 1598 assumes,
303 1549 365 1604 qnae
380 1531 503 1590 adhunc
517 1531 612 1589 iocum
626 1532 813 1608 pertinebunt.

88 1721 106 1756 ¹
122 1719 181 1769 Sine
192 1719 313 1768 wnitotet
330 1716 429 1767 without
433 1717 515 1782 sroud
525 1733 552 1767 or
563 1717 692 1783 deceptiosi.

89 1783 452 1848 iMerooturo-os'tuperondo.
468 1781 848 1833 “Demercnturninnnivetsttm

52 1852 197 1916 querimus,
208 1851 330 1914 probando
345 1865 378 1898 cn
393 1849 552 1911 improbando
567 1849 610 1898 sit:
630 1849 651 1898 si
667 1848 790 1913 prebende
805 1855 849 1908 est,

54 1917 164 1981 profecto
185 1923 237 1965 tem
259 1916 355 1980 probari
377 1915 514 1964 institorem
541 1921 634 1978 opertet
662 1914 704 1978 qui
733 1914 847 1979 cymbam

48 1989 169 2032 onustum
190 1982 279 2045 pipere,
299 1997 373 2044 quum
394 1980 436 2044 qui
458 1979 584 2046 ingentem
605 1981 742 2029 enormium
761 1995 848 2029 novem

53 2047 150 2098 ultimis
171 2063 202 2096 ex
224 2047 363 2114 regionibus
385 2047 536 2094 ndduxerit.”
567 2045 720 2112 Cnieegnini.
751 2043 790 2110 By
807 2046 848 2095 ihs

52 2112 193 2178 quelifying
208 2113 315 2176 phrases,
326 2127 425 2177 quorum
436 2109 517 2160 ordini
529 2113 688 2170 conventuum
703 2125 751 2160 nort
764 2109 848 2160 'odme-

49 2181 115 2228 dum
126 2180 179 2228 otto
220 2178 294 2238 ando,
303 2179 322 2226 it
333 2193 434 2240 eppenrs
445 2177 499 2226 thot
508 2177 594 2226 Cicero
602 2177 694 2226 viewed
704 2177 773 2226 these
784 2193 812 2224 es
823 2183 849 2226 nt

52 2245 180 2307 bestbutp
189 2245 275 2292 ebcinn
282 2244 396 2307 pursuits.
428 2241 527 2291 Similur
539 2243 681 2308 prejudices,
692 2259 752 2291 even
763 2243 848 2292 atthis

49 2312 112 2375 day,
123 2311 194 2375 reign
209 2310 236 2358 in
251 2309 384 2372 Gennnny,
395 2307 443 2358 cni
462 2309 489 2356 in
507 2307 609 2357 Frnnoe.
639 2309 724 2358 When
734 2308 775 2356 the
786 2314 849 2356 ests·

50 2375 149 2424 ¹blished
156 2379 263 2424 customs
270 2374 300 2423 os
304 2391 319 2422 n
325 2381 428 2438 country
436 2373 536 2422 excludo
544 2373 608 2422 from
617 2374 694 2422 active
702 2372 848 2437 professione

53 2457 71 2490 s
91 2441 255 2490 considerable
275 2440 370 2504 portion
388 2441 418 2488 of
432 2438 463 2487 its
483 2439 590 2498 citizens,
607 2439 718 2504 obliging
737 2439 806 2486 those
823 2437 854 2485 of

51 2507 179 2581 emergetio
198 2505 280 2554 minds
297 2513 323 2554 to
341 2505 399 2581 seek
419 2503 559 2553 distinction
579 2505 611 2568 by
631 2505 673 2554 the
693 2504 780 2580 smopd,
799 2502 848 2550 und

53 2570 649 2710 mrurst‘suurmtsuuutuz
665 2566 847 2696 Ἥ

51 2701 439 2828 ‘stersicorus
449 2699 564 2813 stit,
585 2760 709 2824 nm,

57 2831 140 2880 'l'hese
156 2829 292 2880 favouroble
308 2830 419 2893 opinions
429 2844 462 2877 on
473 2828 621 2894 agriculture
632 2839 766 2888 corresponr

57 2898 129 2961 thpse
140 2895 170 2944 of
176 2895 236 2946 Hor.
248 2894 324 2960 Bpod
335 2894 360 2944 2.
370 2893 538 3015 Virgfiporg.
550 2892 587 2941 11.
