1978 3268
324 235 388 284 LlB.
402 179 446 282 lli.
462 225 540 282 CkP.
549 231 618 280 x111.
806 231 864 288 247

112 379 165 438 Ille
184 379 285 447 verm*
314 377 407 450 inquit
426 363 581 453 Antipater.
622 371 698 440 Quid
719 381 763 429 est
790 371 866 429 enim

71 459 160 527 aliud,
182 457 286 517 erranti
306 457 383 514 viam
397 473 454 512 non
469 457 634 520 monstrare,
650 449 726 525 quod
746 449 865 511 Athenis

71 538 315 598 exsecrationibus
337 533 472 610 publicisl
493 542 620 590 sanetum
634 541 686 598 est,
701 531 726 587 si
740 529 795 588 hoc
808 546 867 586 non
902 521 915 538 ’

71 627 126 685 est,
147 627 285 674 emtorcm
302 613 361 689 pati
378 629 467 674 ruere,
483 619 511 667 et
524 629 575 686 per
588 627 709 667 errorem
730 609 759 666 in
779 607 867 666 maxi·
899 667 901 674 ,

72 715 152 756 mam
172 693 298 753 fraudem
320 690 479 748 incurreret
521 685 590 745 Plus
611 688 695 744 etiam
715 697 767 754 est,
782 703 866 760 quam

71 777 152 834 viam
165 792 224 832 nou
238 778 404 828 monstrare.
447 767 524 826 Nam
536 775 580 824 est
590 767 742 839 scientem
752 767 782 824 in
792 783 867 830 erro·

71 871 146 920 rem,
162 852 280 911 alterum
301 848 444 907 inducere.
485 845 631 921 Diogenes
652 853 764 901 eontra:
786 844 866 904 Num

70 943 101 992 te
113 949 208 989 emere
223 927 327 1006 coligit,
343 928 392 1001 qui
403 943 439 985 ne
450 927 576 984 hortatus
590 921 708 996 quidem
716 923 779 982 esti
803 921 866 988 lile,

75 1009 155 1083 quod
176 1025 233 1066 non
254 1007 390 1085 placebat,
411 1003 610 1084 proscripsit:§
633 1011 672 1068 tu,
688 999 762 1074 quud
777 1001 867 1078 place-

71 1091 132 1154 bat,
160 1088 264 1147 emisti.
312 1085 397 1154 Quod
423 1087 448 1142 si
477 1083 526 1156 qui
558 1074 736 1158 proscribunt
759 1096 866 1138 vinnan

68 1184 173 1226 nonsit
199 1185 337 1231 eunucus
366 1179 567 1228 AEmslcn'rsut,
585 1179 643 1217 non
671 1159 867 1216 existimantur

71 1246 218 1313 fefellisse,
232 1247 318 1302 etiam
332 1244 357 1300 si
372 1241 420 1298 illa
433 1257 486 1296 nec
507 1240 581 1295 bona
595 1247 648 1302 est,
662 1255 722 1314 utic¹
732 1235 867 1293 edificata

69 1326 197 1392 ratione;
219 1321 429 1385 multominus,
445 1317 493 1388 qui
509 1315 624 1372 domum
640 1331 695 1369 non
709 1313 865 1370 laudarunt.

69 1403 131 1462 libi
140 1403 217 1460 enim
228 1399 368 1476 judicium
378 1395 494 1452 emtoris
502 1391 567 1458 est‚ll
578 1391 617 1446 ibi
627 1383 865 1448 transcendimus

70 1501 136 1556 quae
156 1487 251 1554 potest
269 1475 356 1533 essel
391 1473 444 1529 Sin
463 1479 557 1527 autem
577 1466 681 1524 dictum
704 1487 760 1524 non
781 1485 866 1536 omne

70 1553 263 1638 prestandum
277 1562 330 1618 est,
342 1549 418 1622 duod
432 1548 538 1604 dietum
553 1563 610 1602 non
624 1556 676 1609 est,
693 1544 722 1601 id
736 1553 867 1620 paestan-

71 1638 143 1697 dum
157 1631 263 1711 putusl
303 1623 380 1694 Quid
393 1641 461 1683 vero
475 1633 520 1680 est
532 1621 658 1686 stultius,
669 1639 752 1692 quent
772 1619 868 1676 vendi-

73 1729 177 1781 torem,
192 1711 254 1788 ejus
269 1708 319 1774 rei,
335 1723 420 1778 quain
435 1699 628 1779 vendat„vitia
638 1697 765 1754 narrare?
792 1695 868 1763 Quid

73 1805 168 1853 autem
190 1801 247 1848 tam
267 1783 429 1849 absurdum,
445 1795 530 1852 quam
550 1775 576 1832 si
597 1773 704 1832 domini
722 1775 805 1850 jussu
830 1775 868 1832 ite

73 1890 169 1951 praeco
183 1867 327 1947 predicet,
342 1867 446 1920 munst
459 1861 665 1932 nummum
674 1853 793 1940 'renuet

115 1951 165 2008 Sic
186 1965 254 2024 ergo
266 1946 297 2002 in
311 1938 479 2016 quibusdam
494 1929 718 1995 causationum,
733 1947 770 1986 ex
784 1930 869 1987 altera

4 2027 6 2040 ”
75 2041 166 2108 parte,
178 2023 336 2086 defenditur
349 2019 493 2081 honestas,
505 2029 543 2068 ex
557 2009 642 2066 altera
655 2005 693 2064 ita
706 2006 740 2064 de
752 2009 868 2066 utilitate
984 2009 985 2092 j

107 2221 123 2254 ⁸
139 2217 218 2275 Vern-
234 2209 354 2280 perticule
365 2207 403 2258 est
417 2198 578 2274 affirmantis..
603 2193 676 2244 Face.

107 2281 254 2338 iPuhlict's.
286 2277 369 2328 These
380 2269 462 2335 public
473 2269 625 2316 execratione
637 2271 701 2308 were
716 2264 869 2322 pronounced

75 2351 151 2402 when
169 2349 211 2397 the
230 2343 314 2410 people
331 2353 396 2391 wore
416 2329 559 2389 assembled,
576 2328 609 2392 by
629 2322 671 2376 the
686 2323 771 2388 priests
789 2326 818 2376 cs
828 2327 869 2378 the

276 2473 281 2486 ι
334 2471 339 2484 ι
426 2463 433 2490 2
545 2461 552 2477 ι
614 2455 625 2470 0
659 2453 665 2472 Ι

4 2557 5 2564 ψ
110 2471 868 2588 tumult”esttztt‘tttttuttmn..

4 2615 10 2634 '¹
353 2599 383 2646 ’il
394 2597 440 2666 aig
450 2591 547 2654 testeo,
557 2587 690 2655 ildisoitpu
702 2586 767 2658 ddep,
779 2607 856 2644 acm.

4 2673 5 2684 ³
111 2673 265 2727 iscientcm.
301 2665 343 2725 lt,
353 2661 507 2714 understood.

111 2736 240 2799 §Proceri
273 2733 297 2780 '.
329 2731 368 2795 By
378 2727 428 2777 this
439 2722 635 2780 termismeuut,
646 2717 687 2769 the
699 2721 800 2788 uffixing
814 2741 871 2776 ona

77 2806 164 2862 house,
175 2815 203 2850 or
214 2817 230 2849 o
271 2796 381 2862 robject,
392 2810 407 2842 a
417 2791 515 2841 written
531 2785 614 2838 ticket·
622 2785 779 2854 announcing
789 2787 842 2841 that
853 2791 872 2842 it

77 2865 268 2993 hlanffideium
288 2923 386 2974 cintoria
403 2925 445 2970 eet.
481 2915 619 2992 meretis
635 2915 769 2983 purchueer
784 2917 872 2972 hauan

79 2991 272 3066 opportunityus
278 2989 392 3054 forming
402 2986 441 3034 his
449 2998 502 3034 omn
510 2981 613 3046 opinion.
