1970 3272
336 230 403 279 Lus.
416 231 452 280 11.
472 230 549 282 che.
560 230 602 282 VI.
807 235 866 292 llo

69 389 129 440 res,
149 371 195 430 vel
223 369 364 440 adversas,
385 375 449 446 quis
475 375 602 452 ignorati
642 375 719 435 Nam
743 383 860 435 etcum

69 469 210 529 prospero
231 450 298 508 flatu
318 453 379 528 ejus
399 453 514 520 utimur,
529 453 563 511 ad
577 456 669 514 exitus
683 454 864 532 pervehimur

70 539 201 606 optatos:
224 539 253 587 et
270 522 335 588 curn
358 529 474 598 reflavit,
489 531 647 608 affligimur.
689 533 761 592 Hoee
780 534 864 610 igitur

68 609 136 686 ipsa
154 608 267 666 fortuna
285 619 393 665 ceteros
407 627 489 666 casus
503 611 621 668 rariores
635 611 728 681 hebet,
740 613 863 690 primum

69 687 106 744 ab
140 685 273 744 inanimis
304 687 453 764 procellas,
487 696 677 765 tempestates,
710 691 863 768 naufragia,

63 766 174 832 ruinas,
195 764 340 823 incendia:
363 765 464 824 deinde
485 785 502 823 a
520 768 618 826 bestiis
642 769 725 838 ictus,
739 787 862 838 morsus,

71 845 209 920 impetus.
249 842 321 901 Hoec
333 862 413 920 ergo,
427 854 459 902 ut
471 845 541 914 dixi,
555 847 667 905 rariora.

109 924 150 980 At
159 940 227 979 vero
238 922 365 980 interitus
376 925 577 992 exercituum*
588 935 620 983 ut
629 926 757 1003 proxime
768 927 863 995 mum,

69 1019 149 1077 saepe
174 999 342 1066 multorumt
372 1001 466 1060 clades
480 1003 696 1084 imperatorum,
720 1014 753 1062 ut
774 1023 866 1082 nuper

70 1080 179 1136 summi
213 1097 247 1135 ac
281 1080 430 1156 singularis
467 1081 553 1148 virid
585 1083 697 1142 invidie
730 1094 865 1161 pretereo

69 1155 272 1224 multitudinis,
287 1168 369 1231 atoue
389 1160 425 1217 ob
444 1177 492 1216 eas
512 1161 765 1220 benemeritorum
787 1181 863 1239 sepe

69 1237 178 1293 civium
197 1236 391 1312 expulsiones,
406 1238 586 1305 calamitates,
600 1237 689 1315 fuge:
711 1259 863 1314 rursusque

70 1313 205 1371 secundm
227 1333 283 1382 res,
307 1314 440 1383 honores,
462 1316 590 1391 imperia,
610 1317 744 1386 memus,
767 1337 864 1392 quam·

42 1443 47 1449 .
70 1411 158 1465 quam
180 1391 291 1449 fortuita
312 1403 387 1460 sunt,
404 1405 498 1454 tamen
518 1395 579 1451 sine
599 1393 748 1454 hominum
761 1397 862 1472 opibus

69 1481 100 1528 et
119 1469 221 1528 studiis
235 1480 362 1529 neutram
376 1473 406 1528 in
420 1481 527 1548 partem
541 1472 615 1530 effici
629 1483 757 1550 possunt.
799 1473 865 1531 Hoc

69 1549 158 1626 igitur
195 1549 319 1624 cognito,
353 1549 502 1606 dicendum
536 1560 589 1617 est,
623 1571 746 1624 quonam
778 1551 864 1610 modo

68 1627 221 1686 hominum
235 1626 327 1684 studia
341 1626 376 1684 ad
388 1628 520 1684 utilitates
534 1638 644 1685 nostras
655 1630 765 1686 allicere
782 1637 864 1700 atque

69 1705 195 1766 excitare
209 1705 364 1782 possimus.
406 1705 476 1772 Quae
499 1706 524 1762 si
539 1706 651 1781 longior
661 1706 744 1764 fuerit
765 1705 863 1774 oratio,

67 1783 661 1861 curnmagnimdineutilitatiscomperetur.
687 1783 864 1843 Italortessis

69 1864 157 1921 etiam
170 1862 282 1921 brevior
295 1862 443 1932 videbitur.

358 2055 524 2106 CHAPTER
539 2055 584 2105 vl.

105 2187 121 2218 ⁸
138 2183 372 2234 Inmites-trium.
404 2186 460 2236 'l'he
471 2187 539 2236 three
550 2186 630 2252 signal
641 2186 732 2237 defesis
747 2193 773 2237 to
783 2186 865 2237 which

72 2249 178 2298 allusion
189 2249 211 2298 is
222 2249 280 2298 here
291 2251 370 2310 made,
381 2267 430 2311 ere,
441 2253 564 2316 probably,
577 2253 598 2300 1.
614 2252 681 2302 'l'lrat
692 2253 721 2302 of
732 2253 866 2302 Pharsalia.

71 2314 95 2362 2.
103 2314 203 2363 Thetin
210 2314 302 2374 Africa,
309 2315 339 2364 of
341 2316 381 2365 the
386 2333 456 2382 army
464 2317 623 2366 commended
630 2318 663 2383 by
670 2317 758 2380 Scipio.
769 2317 792 2366 ³.
799 2317 866 2367 'l'hat

72 2379 99 2428 in
111 2379 194 2441 Spain,
201 2379 231 2428 of
236 2379 277 2428 the
284 2393 355 2447 army
363 2382 439 2432 under
449 2383 490 2432 the
501 2398 612 2448 younger
623 2382 752 2448 Pompeys.
783 2381 866 2430 These

72 2450 157 2492 events
168 2459 209 2493 are
221 2444 363 2495 considered
374 2463 401 2496 as
412 2448 554 2507 fortuitum
572 2449 620 2498 and
630 2453 673 2513 yet
683 2448 745 2498 each
756 2445 786 2494 of
798 2446 866 2495 thern

73 2525 125 2558 was
142 2509 184 2558 the
196 2509 324 2560 inevitable
336 2527 501 2576 consequence
512 2513 542 2562 oi
556 2515 597 2563 the
609 2514 740 2577 preceding
752 2511 824 2560 chain
835 2509 866 2559 of

73 2581 172 2624 events:
188 2576 230 2623 tlte
241 2577 308 2625 word
319 2577 421 2642 sonum
433 2580 547 2628 canbm
559 2595 591 2627 no
599 2579 668 2626 other
678 2594 718 2626 me
753 2576 758 2588 '
806 2575 865 2624 tban

67 2639 115 2688 ¹the
133 2640 257 2702 speelrsr’s
275 2641 407 2707 ignoranoe
423 2643 452 2694 of
464 2645 506 2694 the
523 2659 609 2693 cernes
627 2642 724 2708 leading
742 2657 774 2690 an
809 2655 864 2689 con·

71 2703 192 2769 tribul-ing
202 2711 228 2754 to
239 2721 255 2754 e
265 2707 358 2756 certain
369 2715 446 2758 event.

106 2768 280 2834 †Siugulorie
300 2773 355 2820 oiri.
388 2772 419 2820 ln
442 2773 509 2822 Brut
526 2787 547 2820 e
563 2771 602 2819 85.
616 2770 703 2818 Cicero
720 2769 766 2818 hes
787 2767 839 2818 desi

74 2825 147 2883 hated
164 2833 227 2884 Ceto
237 2835 268 2884 of
279 2835 359 2894 Utica,
370 2851 491 2885 summum
509 2843 532 2884 et
549 2833 702 2899 singularem
713 2835 801 2884 uirum.
834 2785 865 2883 fir

73 2899 123 2950 dtis
134 2899 252 2960 metance,
263 2900 294 2949 he
305 2901 420 2966 probably
432 2916 518 2950 means
529 2899 645 2964 Pompey.
