1970 3278
621 1 743 46 *ff

313 197 379 246 Lm.
388 197 410 246 1.
429 196 596 249 curm.
788 203 845 258 123

54 337 151 411 aliquo
171 337 278 398 honore
301 350 349 399 aut
369 341 490 418 imperio
511 341 638 410 effectos,
653 341 800 400 observare
813 352 844 400 et

55 418 149 474 colere
163 417 315 476 debemus:
331 421 450 478 tribuere
459 421 541 478 etiam
555 421 673 478 multum
685 422 840 479 senectuti:

54 496 155 554 cedere
181 497 228 564 iis,
253 501 302 570 qui
330 500 520 574 magistratum
547 501 704 558 habebunt:
738 502 842 558 habere

54 575 188 632 dilectum
202 578 282 644 civis
293 588 321 634 et
333 579 473 654 peregrini
481 597 493 634 ι,
511 579 540 636 in
552 579 670 655 ipsoque
682 581 842 656 peregrino,

53 655 233 731 privatimne,
249 675 283 712 an
297 657 409 732 publice
424 657 539 714 venerit.
580 657 841 728 resumamus

52 751 136 808 egem
150 733 185 790 de
199 735 329 810 singulis,
341 751 519 794 communem
533 735 616 793 totins
628 738 738 811 generis
751 737 842 794 homi·

50 829 124 869 num
140 813 381 872 ¹conciliationem
415 823 444 872 et
475 815 712 874 consociationem
738 815 842 884 colere,

50 890 136 958 tueri,
150 908 261 948 servare
275 891 420 952 debemus.

50 1079 133 1140 ΟΑΡ
147 1078 240 1142 XLII.
262 1081 308 1142 De
318 1085 486 1161 questibus,
499 1085 551 1162 qui
562 1083 693 1144 liberales
704 1084 842 1156 habundi,

170 1163 222 1240 qui
235 1163 358 1222 sordidi.
398 1163 600 1242 Agriculturae
614 1163 725 1222 laudes.

90 1285 151 1346 Jenr
162 1287 196 1346 de
208 1289 336 1346 artificiis
344 1299 370 1347 et
377 1290 539 1362 quaestibus,
547 1290 595 1362 qui
601 1281 730 1348 liberales
737 1289 843 1348 heben-

49 1364 92 1432 di,
102 1367 152 1437 qui
161 1367 267 1424 sordidi
278 1361 346 1436 sint,
359 1369 419 1426 haec
429 1369 487 1426 fere
499 1369 670 1445 accepimus.
711 1367 840 1426 Primum

48 1445 243 1518 improbantur
269 1447 290 1502 ii
318 1459 452 1518 quaestus,
478 1448 527 1520 qui
552 1449 581 1505 in
606 1447 671 1504 odia
694 1445 842 1504 hominum

48 1523 213 1581 incurrunt:
241 1533 273 1579 ut
299 1527 474 1599 portitorum,
497 1536 528 1581 ut
552 1525 767 1582 feneratorum*
806 1524 843 1581 ll·

48 1599 181 1658 liberales
196 1609 289 1656 eutem
303 1612 331 1656 et
345 1601 450 1658 sordidi
465 1613 586 1674 quaestus
607 1601 841 1660 mercenariorum

49 1678 190 1746 omnium,
225 1696 345 1750 quorum
385 1697 488 1754 operae,
523 1698 580 1736 non
614 1697 734 1752 quorum
768 1688 841 1736 artes

50 1767 192 1816 emuntur.
233 1757 289 1815 Est
306 1757 385 1816 enim
405 1757 434 1814 in
449 1757 505 1814 illis
520 1757 583 1833 ipsa
595 1774 704 1817 merces
720 1767 843 1814 auctore·

50 1848 180 1897 mentum
206 1837 359 1896 servitutis.
398 1835 512 1896 Sordidi
538 1836 623 1895 etiam
647 1833 773 1914 putandi,
793 1835 842 1908 qui

311 2012 476 2078 CHAPTER
491 2025 574 2078 XLII.

84 2155 99 2189 ¹
115 2154 265 2206 Portitor-uon
275 2163 303 2205 ut
308 2155 481 2221 feneratorum.
514 2156 602 2222 Bytho
611 2155 700 2208 former
711 2164 773 2208 term
784 2172 843 2224 moy

47 2221 81 2270 be
96 2221 241 2271 understood
257 2222 358 2286 inferior
368 2221 488 2272 collectore
499 2222 527 2286 os
538 2222 576 2270 tlte
584 2221 667 2287 public
677 2238 794 2282 reuenue3
810 2225 840 2274 of

48 2285 92 2336 the
107 2303 175 2336 suine
191 2288 262 2347 cluss,
273 2287 395 2350 probably,
411 2304 437 2336 es
453 2288 494 2336 the
510 2303 609 2350 persons
624 2288 706 2338 whom
722 2290 763 2338 the
779 2289 843 2340 Now

48 2351 195 2402 Testument
217 2356 254 2413 (us
276 2351 303 2400 in
325 2351 397 2400 Mstt
416 2353 448 2402 ix.
469 2353 517 2415 10.)
537 2353 703 2404 denominetes
725 2355 843 2412 entim
885 2375 891 2386 ·

49 2418 189 2476 hendnted,
205 2417 347 2482 publicum
367 2418 416 2465 end
432 2418 488 2467 who
508 2434 566 2483 moy
583 2420 612 2468 be
632 2421 749 2483 supposed
768 2427 794 2470 to
813 2421 843 2469 be

49 2485 211 2546 everywhere
220 2483 361 2545 unpopular.
389 2483 438 2532 But
445 2483 546 2532 thereel
551 2483 683 2548 publicani,
690 2485 731 2533 the
740 2485 843 2532 sermore

49 2549 158 2613 generet,
165 2564 229 2596 were
241 2548 337 2598 Romen
348 2548 457 2612 knights,
466 2565 566 2611 persons
574 2564 605 2597 on
614 2550 695 2598 whom
704 2549 764 2612 high
773 2548 843 2606 rsnlr,

50 2613 100 2661 end
112 2614 244 2676 generally,
255 2614 296 2662 the
307 2613 444 2674 possession
455 2613 484 2662 of
494 2613 590 2670 weelth,
602 2614 842 2674 conferrederespect.

51 2677 226 2735 Fenerutoree3
241 2679 309 2727 those
317 2679 374 2726 who
384 2679 456 2726 melre
468 2695 483 2728 e
493 2679 560 2728 trude
571 2677 600 2726 of
606 2678 742 2740 edvencing
752 2691 843 2741 money

50 2749 78 2792 o>
88 2742 130 2790 the
146 2741 264 2805 indigent,
276 2741 324 2790 end
335 2743 391 2794 who
407 2749 473 2792 must
488 2741 635 2805 necessarily
646 2740 781 2804 proportior
800 2741 839 2760 ἰ·

51 2814 104 2858 rute
115 2805 145 2855 of
150 2806 251 2856 interest
261 2808 395 2856 demended
405 2813 431 2856 to
441 2807 483 2856 the
493 2807 545 2856 risk
556 2806 615 2869 they
626 2821 679 2854 run.
706 2804 768 2852 This

52 2870 215 2930 ofmenwill,
226 2869 592 2936 escamindlsgmiucur
603 2867 750 2932 popenreut
