1970 3278
104 233 161 288 114
384 229 432 277 nn
450 229 623 292 ornons„
685 284 689 294 ,

104 374 243 434 urendum
269 382 298 432 et
319 371 499 440 secandum*
521 372 563 430 sio
583 370 618 429 od
631 371 687 430 hoe
708 391 798 450 genus
813 374 903 431 easti-

106 454 200 532 gnndi‚
215 471 276 510 raro
295 451 430 523 invitique
444 450 602 517 veniemus,
616 468 817 523 necunquam,
840 453 901 510 nisi

105 531 275 597 necessario,
290 531 315 586 si
329 529 405 587 nulla
417 529 571 605 reperietur
582 529 636 586 alia
645 530 795 588 medicine.
838 530 900 588 Sed

106 619 199 669 tamen
221 608 263 666 im
295 607 374 665 roeul
387 608 468 676 absit,
486 625 555 665 num
567 627 624 681 quo
641 608 714 666 nihil
729 618 805 666 reete
824 609 901 680 fieri,

104 627 476 764 nihileonsirbratepotest.
840 693 843 698 '

146 765 365 842 magnanon
384 773 461 842 parte
481 764 613 823 elementi
635 765 816 842 castigatione
830 766 901 824 lieet

104 844 158 911 nti,
173 844 304 920 gravitate
323 853 418 902 tamen
433 843 571 920 adjuncta,
583 852 615 901 ut
628 853 656 902 et
669 844 803 902 severitas
818 843 898 902 adhi-

105 923 213 990 beatur,
241 933 270 980 et
296 922 466 980 contumelia
491 922 650 998 repellatur.
667 963 671 968 -
690 923 783 995 Atque
811 923 898 980 etiam

106 999 175 1059 iilud
189 1001 294 1076 ipsum,
304 1000 379 1074 quod
394 1001 549 1058 acerbitatis
562 1000 647 1059 hebet
659 1001 826 1078 objurgatio,
841 1002 899 1078 sig·

106 1077 278 1138 nifiosndum
298 1089 351 1147 est,
365 1079 456 1156 ipsius
476 1078 506 1137 id
528 1097 636 1147 caussa,
661 1079 710 1152 qui
721 1081 898 1157 objurgetur,

107 1165 269 1232 susceptum
281 1175 358 1215 esse.
398 1157 519 1215 Rectum
533 1167 576 1215 ert
587 1171 690 1226 autern,
702 1157 787 1216 etiam
798 1159 827 1217 in
840 1158 898 1216 illis

106 1235 415 1308 contentionibusque
427 1253 492 1292 eum
502 1235 707 1294 inimicissimis
719 1236 800 1305 fiunt,
812 1237 899 1294 etiam

107 1313 133 1370 si
153 1313 236 1372 nobis
256 1315 317 1372 indi
338 1333 373 1372 na
394 1313 550 1382 audiam-us,
565 1323 658 1372 tomen
678 1315 842 1390 gravitatem
856 1333 898 1372 re·

107 1391 206 1459 tinere,
219 1334 391 1452 inaurium
402 1392 516 1469 pellere.
555 1391 716 1458 Quaeenim
727 1412 793 1450 eum
805 1394 899 1466 aliqua

107 1471 313 1548 perturbatione
324 1471 405 1539 fiunt,
413 1489 447 1527 ea
457 1488 510 1528 nee
519 1480 680 1528 constanter
686 1471 762 1533 fieri†
767 1482 897 1548 possunt,

107 1567 200 1622 neque
210 1549 257 1618 iis,
267 1550 316 1622 qui
327 1549 436 1617 adsunt,
446 1550 565 1626 probari.
606 1548 898 1619 Defonneetinmest,

108 1625 143 1686 de
166 1647 198 1686 se
218 1628 314 1705 ipsum
334 1628 494 1705 predicare,
510 1628 580 1686 falsa
601 1629 811 1704 presertirmet
829 1647 899 1687 oum

107 1705 237 1766 irrisione
251 1706 423 1766 audientium
437 1708 538 1766 imitari
552 1707 670 1765 militem
684 1707 867 1784 gloriosumss

107 1884 152 1938 est,
168 1878 301 1942 eliquundo
322 1879 465 1938 simulanda,
487 1879 509 1928 si
533 1895 621 1944 segnes
647 1879 798 1929 audientium
818 1877 899 1930 urrinni

107 1943 247 1992 eoncitsndi
258 1945 338 1992 sunt.”
370 1943 463 1992 Seneon
473 1944 503 1990 de
515 1943 564 2002 lrn,
575 1944 600 1992 ii.
612 1944 649 1993 14.

140 2010 155 2041 ⁸
173 2006 300 2057 urendum
319 2013 341 2055 et
358 2007 504 2056 seeundum:
520 2007 558 2056 the
569 2015 668 2074 century
679 2009 730 2058 and
740 2011 899 2074 amputation-

106 2069 146 2120 Το
157 2075 256 2133 prevent
266 2086 316 2136 any
326 2071 550 2134 misepprebension
560 2073 590 2122 of
596 2073 663 2124 these
674 2076 813 2138 metaphoris
825 2076 899 2124 taken

106 2135 170 2184 stom
187 2134 229 2182 tbe
244 2135 351 2199 surgiesl
368 2142 413 2195 ert,
429 2152 496 2186 some
512 2137 583 2187 Mss
599 2140 646 2188 odd
661 2139 766 2189 medici.-
781 2141 899 2206 probably

105 2197 293 2250 remwsdstom
303 2199 344 2248 the
355 2201 460 2266 margin.
836 2245 838 2252 .

139 2263 219 2315 iNeo
235 2270 372 2314 emutat
381 2266 451 2328 fieri.
483 2266 536 2316 Our
552 2267 653 2328 notione,
668 2269 741 2318 when
760 2269 839 2318 under
857 2269 900 2320 the

105 2327 228 2380 influenee
243 2328 274 2376 of
284 2329 389 2392 passion,
399 2330 450 2380 will
465 2332 495 2380 be
510 2333 674 2399 unbeeoming
689 2350 727 2394 us,
743 2335 791 2382 und
801 2335 854 2384 vvill
870 2337 900 2384 be

107 2393 279 2508 eeeompunitefii
289 2394 349 2444 with
364 2395 406 2445 tbe
417 2396 610 2460 disepprobetion
620 2398 650 2447 of
660 2415 734 2464 every
744 2415 833 2462 person
843 2401 901 2451 vobo

107 2466 234 2509 witnesseu
271 2475 319 2508 em.

141 2524 151 2578 i
168 2523 271 2574 Militem
286 2523 428 2590 gloriosum
460 2525 523 2574 This
541 2525 666 2577 oberroter
682 2545 734 2577 was
748 2528 850 2591 printed
866 2531 900 2596 by

109 2587 257 2648 Menanden
272 2591 305 2655 by
316 2589 434 2648 Plautum
450 2591 498 2639 end
506 2592 541 2656 by
552 2591 674 2650 'rerem
691 2593 756 2652 Eun,
767 2592 792 2642 ii.
804 2593 827 2641 1.
