1970 3272
335 247 402 297 ΗΒ.
412 247 445 295 11.
464 245 542 296 chr.
552 247 586 296 X.
794 247 850 310 157

60 390 140 449 enim
153 389 251 448 utilem
269 387 401 448 homines
422 390 593 458 existimant,
615 407 765 463 veramque
785 409 850 466 pru·

62 469 197 528 dentiam.
237 468 329 528 Justis
344 479 437 528 autam
451 478 479 526 et
492 469 557 527 lidie
577 469 750 537 hominihus,
765 469 853 528 idest

61 548 238 614 hodiernis,
253 548 293 604 ita
314 547 385 605 fides
400 549 543 617 habetur,*
562 558 594 606 ut
615 549 692 606 nulla
711 548 791 606 sitin
805 547 851 606 hle

61 625 166 684 fraudis
178 626 344 702 injuriaeque
367 627 504 702 suspioio.
543 626 641 700 ltaque
665 627 711 684 his
730 627 849 685 salutem

61 714 197 771 nostram,
213 705 257 761 his
269 704 404 773 fortunas,
416 705 461 762 his
474 705 589 772 liberos,
601 706 759 764 rectissime
773 723 849 765 oom·
872 777 873 780 Ἴ

60 783 135 842 mitti
150 783 323 840 arbitramur.

101 861 212 919 Harum
234 861 319 938 igitur
332 859 449 920 duarum
463 860 498 918 ad
517 859 602 920 fidem
617 861 772 921 faciendam
789 863 851 941 jus·

60 939 123 998 titia
146 939 211 1016 plus
234 940 338 1016 pollet:
363 941 469 1018 quippe
490 959 555 998 oum
570 959 604 998 aa
623 941 684 998 sine
704 941 852 1019 prudentia

60 1019 130 1076 satis
158 1019 462 1088 haheatauotoritatis,
490 1019 638 1096 prudentia
661 1020 722 1078 sine
741 1021 852 1097 justitia

60 1097 134 1156 nihil
147 1097 238 1156 valeat
259 1097 293 1155 ad
307 1098 464 1160 faciendam
478 1099 574 1157 fidem.
617 1099 682 1165 Quo
695 1099 771 1158 euim
786 1099 850 1172 quis

60 1175 199 1233 versutior
222 1187 251 1234 et
266 1177 403 1245 callidior,
418 1178 474 1235 hoo
496 1178 614 1236 invisior
633 1188 661 1235 et
681 1179 849 1254 suspeetior,

61 1253 183 1311 detracta
195 1256 330 1331 opinione
343 1256 500 1331 probitatisr
540 1256 632 1321 Quam
646 1257 683 1314 ob
696 1275 756 1314 rem
771 1256 851 1314 intel·

60 1333 182 1408 ligentioe
193 1334 303 1410 justitia
316 1334 474 1410 conjuncta,
489 1343 623 1407 quantum
638 1335 722 1402 volet,
737 1334 851 1392 habebit

61 1409 265 1470 adlaoiendam
279 1411 365 1470 fidem
386 1413 507 1480 virium3
531 1413 642 1488 justitia
655 1413 716 1471 sine
730 1412 851 1488 pruden-

60 1491 100 1626 ¹ilia
109 1491 230 1550 multum
244 1490 348 1567 poterit
359 1509 367 1558 ;
396 1491 458 1548 sine
468 1491 579 1570 justitie
588 1491 662 1548 nihil
671 1490 774 1548 valebit
786 1509 851 1568 pru·

79 1569 179 1631 ential

60 1844 154 1904 CAP.
170 1841 209 1900 X.
252 1839 332 1912 Quos
354 1857 400 1898 res
422 1838 614 1908 admiremur,
635 1855 765 1918 querque
787 1857 851 1900 oon·

368 1925 544 1980 temnamus.

99 2097 162 2156 Suu
181 2113 218 2154 ne
232 2095 294 2168 quis
309 2096 346 2154 sit
359 2094 523 2164 admiratus,
539 2114 598 2164 our,
613 2113 679 2156 oum
699 2095 772 2156 inter
790 2115 850 2158 om·

7 2237 9 2242 .
58 2195 112 2237 nes
134 2175 323 2254 philosophos
337 2184 457 2242 constet,
473 2193 606 2249 aruaque
627 2175 692 2253 ipso
705 2195 780 2254 saepe
794 2176 850 2236 dis·

80 2372 108 2422 ,θ
126 2367 293 2432 Fidis-fides
315 2366 422 2416 hoster.
455 2366 518 2416 'l'his
533 2368 690 2434 tautologioal
705 2368 851 2432 expression,

61 2433 194 2486 Faeciolati
205 2435 297 2494 thinks,
304 2439 394 2482 cannot
404 2433 560 2482 beCioero’s:
577 2433 719 2493 hominibu,
727 2433 851 2490 andeiris,

60 2501 88 2550 in
105 2501 229 2549 thesaure
247 2506 368 2560 sentence,
386 2500 444 2558 eleo,
462 2515 563 2562 appears
586 2499 728 2561 suspicions.
761 2497 851 2545 Peoroe

61 2565 142 2614 would
153 2573 253 2624 eorl-sot,
259 2566 338 2628 justia
354 2572 443 2623 omero,
453 2565 481 2612 id
495 2571 537 2623 est,
549 2563 615 2612 onii
627 2565 695 2612 viris.
728 2567 742 2591 “
750 2559 852 2610 Justitia

60 2645 125 2678 -ex
141 2647 190 2695 qua
206 2631 263 2680 boni
285 2630 331 2678 viri
353 2630 533 2688 nominantur?
550 2629 566 2676 i.
583 2627 730 2676 t-“Justo
746 2626 851 2684 homine,

60 2711 220 2757 sequaquam
230 2695 311 2744 virum
321 2696 412 2743 bonum
424 2695 543 2743 dicimus!
560 2693 576 2740 i.
588 2693 626 2740 10.

94 2759 105 2811 l
122 2759 225 2808 Justitia
234 2759 407 2807 sine-valebit
417 2759 557 2822 prudentie,
589 2756 671 2804 These
680 2755 767 2808 words.
777 2754 851 2808 heinr

61 2840 130 2876 nrere
141 2822 275 2888 repetition,
286 2839 327 2872 are
339 2824 438 2872 deomed
450 2823 562 2886 spurious
573 2821 606 2884 by
618 2819 707 2882 Bishop

422 2891 457 2944 14
