1984 3276
152 149 187 248 1'4
435 185 481 234 os
500 179 652 235 osricus.

148 331 230 390 sariis
251 329 370 404 negotiis
398 327 529 402 curisque
550 327 641 392 vacui,
664 335 723 384 tum
745 340 866 388 avemus
895 330 949 390 ali-

150 406 216 482 quid
238 407 341 473 videre,
363 405 467 472 audire,
490 425 522 462 ac
543 405 665 471 discere:
688 405 949 481 cognitionemque

150 504 241 546 rerum
256 493 303 546 aut
316 484 496 550 occultarum,
512 494 558 540 aut
578 483 792 550 admirabilium,
808 484 843 540 ad
860 487 948 546 beate
976 543 977 558 ,

150 561 301 620 vivendum
316 563 502 620 necessariam
523 562 661 620 ducimus
702 561 821 632 Exque
836 565 948 632 intelli-

150 642 233 718 gitur,
249 640 323 712 quod
339 659 445 705 verum,
461 642 595 717 simplex,
617 641 813 712 sincerumque
835 643 887 714 sit,
916 645 948 703 id

150 737 214 777 esse
229 729 332 776 naturae
353 719 477 776 hominis
499 720 686 796 aptissimum.
727 718 803 776 Huic
825 723 889 778 veri
905 725 948 781 vi·

150 797 234 855 dendi
255 797 400 874 cupiditati
421 797 551 874 adjuncta
577 807 621 854 est
647 797 781 872 appetitio
809 799 947 869 quaedam

151 877 334 952 principatus,
348 887 380 934 ut
393 878 501 934 nemini
521 894 618 953 parere
643 875 753 932 animus
775 877 846 934 bene
861 897 881 934 a
895 899 947 938 ua·

152 965 212 1012 tura
233 953 415 1012 informatus*
435 952 511 1022 velit,
536 955 592 1012 nisi
613 953 798 1030 praecipienti,
821 964 871 1011 aut
894 957 945 1016 do·

152 1034 236 1101 senti,
251 1043 298 1089 aut
310 1033 436 1090 utilitatis
451 1051 551 1090 caussa
566 1034 643 1109 juste
664 1041 691 1089 et
710 1033 835 1108 legitime
850 1033 944 1111 irnpe-

152 1112 240 1176 ranti·:
263 1129 299 1168 ex
313 1129 369 1184 quo
389 1111 551 1188 magnitudo
574 1111 661 1168 animi
680 1111 792 1169 exsistit
805 1111 943 1172 humana·

153 1207 271 1261 rumque
284 1190 391 1251 rerum†
405 1191 569 1248 contemtio.
972 1207 977 1316 n

193 1267 257 1324 Nec
273 1286 338 1326 vero
353 1267 400 1324 illa
412 1288 497 1345 parva
510 1269 553 1325 vis
573 1276 678 1326 naturae
692 1277 735 1324 est
754 1267 940 1343 rationisque,

154 1345 228 1418 quod
242 1365 331 1402 unum
340 1345 395 1404 hoc
405 1347 507 1404 animal
517 1347 610 1412 sentit,
621 1345 687 1418 quid
702 1347 739 1402 sit
752 1348 856 1420 ordoq
870 1351 941 1420 quid

154 1425 192 1482 sit
202 1423 278 1496 quod
291 1423 405 1491 deceat;
427 1425 456 1482 in
469 1425 549 1482 factis
564 1425 701 1497 dictisque
715 1425 764 1498 qui
778 1425 815 1486 sit
829 1427 940 1486 modus.

154 1503 251 1575 ltaque
275 1521 373 1563 eorum
397 1503 533 1581 ipsorum,
549 1522 611 1575 quae
632 1513 746 1578 aspectu
771 1503 938 1574 sentiuntur,

155 1583 264 1640 nullum
278 1581 353 1640 aliud
370 1582 472 1652 animal
493 1581 739 1659 pulchritudinem,
755 1593 937 1653 venustatem,

156 1661 379 1720 convenientiam
394 1662 515 1738 partium
535 1661 628 1718 sentit.
669 1661 760 1728 Quam
781 1661 938 1720 similitudi·

157 1759 221 1798 nem
236 1753 333 1798 natura
356 1741 481 1814 ratioque
496 1741 529 1797 ab
550 1741 638 1798 ocrdis
660 1739 693 1796 ad
714 1739 838 1797 animum
853 1749 938 1798 trans·

155 1818 258 1886 serens,
281 1818 369 1876 multo
391 1820 475 1876 etiam
497 1819 587 1893 magis
607 1815 852 1894 pulchritudinem,
872 1837 938 1878 cou-

188 1974 203 2005 *
221 1975 378 2037 informatus.
396 1974 455 2022 This
466 1981 528 2020 term
537 1975 557 2021 is
565 1976 650 2036 taken,
662 1982 705 2021 not
716 1976 778 2022 from
790 1985 941 2040 preceptore,

157 2040 200 2084 but
211 2038 272 2084 from
284 2037 326 2084 tlte
338 2044 449 2098 statuary
461 2052 489 2083 or
500 2039 569 2085 other
579 2039 657 2086 artist.
689 2039 822 2103 Insormere
834 2057 938 2102 appears

156 2108 182 2148 to
194 2103 255 2147 hav'e
265 2102 305 2147 the
315 2115 382 2147 same
392 2115 463 2148 sense
472 2115 499 2148 as
509 2103 549 2148 tlte
559 2102 664 2163 original
674 2104 869 2167 verb,sormure.'
891 2107 938 2153 Co·

158 2165 266 2224 lumella,
275 2165 317 2228 lib.
329 2179 367 2212 11.-
378 2165 395 2192 “
404 2163 538 2214 Sarmentis
555 2180 680 2214 connexus
689 2169 763 2214 veluti
782 2169 846 2216 sunia
865 2169 941 2217 intor-

159 2228 266 2278 mabitur
279 2227 303 2274 in
320 2243 374 2274 eam
393 2229 579 2276 erassitudinem
591 2237 668 2289 quam
679 2232 757 2278 solum
774 2232 844 2278 fossa
863 2235 941 2292 possit

158 2301 277 2354 auguste,
288 2292 358 2352 quasi
370 2293 582 2340 accommodatam
594 2303 777 2354 coartatamque
789 2309 883 2355 cepere.

222 2355 253 2402 Ut
262 2356 315 2402 laus
327 2363 364 2401 est
375 2369 444 2416 certe,
458 2357 535 2403 mollis
547 2358 683 2417 cedensque
692 2366 807 2418 sequatur

254 2418 280 2466 Si
292 2421 376 2465 doctos
388 2418 610 2480 digitos,jussaque
622 2421 664 2467 fiat
673 2436 742 2480 opus,

220 2482 254 2530 Et
266 2493 329 2528 nunc
342 2483 456 2530 informet
466 2483 581 2543 Martem,
592 2492 735 2542 castamque
747 2483 888 2541 Minervam,

253 2545 325 2594 Nunc
336 2546 456 2594 Venerem
468 2547 576 2609 effingat,
585 2562 649 2593 nunc
662 2547 761 2594 Veneris
774 2548 897 2607 puerum?

158 2609 260 2666 Animus
270 2611 327 2660 dene
339 2625 354 2658 c
365 2616 454 2660 actura
464 2611 607 2675 insumatur,
616 2611 663 2658 will
672 2612 792 2659 therefore
804 2621 936 2669 meamccrt
976 2653 977 2672 ,

159 2675 187 2726 ia
198 2690 214 2723 a
223 2675 293 2726 noble
304 2674 393 2724 mould.

191 2743 202 2794 t
220 2741 391 2789 Humanarum
406 2753 494 2789 rerum.
514 2738 551 2800 cy
562 2739 629 2788 these
641 2739 661 2787 is
679 2749 770 2805 meent,
789 2743 852 2790 what
869 2741 935 2790 other

161 2818 216 2850 men
229 2805 306 2867 price,
318 2819 345 2851 et
357 2804 453 2864 wesltlr,
464 2805 562 2865 luxury,
570 2802 614 2852 lto.
976 2773 977 2854 l

193 2868 203 2923 t
223 2867 294 2920 Ordo.
313 2867 439 2934 Elatiam
450 2884 491 2920 see
508 2869 610 2930 chapter
620 2869 660 2922 41.
