1984 3276
340 213 405 264 urs.
416 213 435 260 1.
456 213 533 262 cnr.
547 213 578 264 11.
843 217 861 272 5

67 359 130 418 tum
149 357 244 434 possis
265 373 427 434 agnoscere.
470 356 534 416 Nos
557 364 648 414 autem
670 363 803 428 quantum
825 356 854 418 io

65 431 185 510 otioque
223 435 435 512 profecerimus,
471 435 587 495 eliorum
622 435 659 492 sit
694 433 855 511 judicium:

65 525 218 588 utrumque
229 525 303 572 certe
317 515 406 572 secuti
420 533 528 572 sumus.

105 592 250 667 Equidem
272 603 300 650 et
320 593 466 650 Platonem
489 589 631 658 existimo,
655 591 679 648 si
705 608 793 668 genus
814 591 855 650 so·

64 691 149 730 reuse
164 671 276 730 dicendi
290 681 404 729 tractare
424 671 569 738 voluisset,
588 669 753 749 gravissime
767 677 796 728 et
809 688 855 729 co·

64 751 230 828 piosissime
245 751 371 826 potuisse
388 749 506 817 'dicere3
528 759 557 807 et
572 749 806 816 Demosthenem,
828 748 854 806 si

64 829 124 897 ille,
139 847 202 901 quse
218 829 365 888 aPlatone
380 827 522 895 didicerat,
541 823 677 885 tenuisset
691 837 719 884 et
733 843 855 902 pronun·

65 908 135 965 tiore
155 907 300 984 uoluisset,
323 917 418 965 ornate
439 905 642 984 splendideque
663 904 753 962 secere
774 914 855 984 potu-

64 986 134 1043 isse.
176 985 343 1058 Eodemque
358 985 445 1044 modo.
457 983 491 1042 de
512 983 662 1042 Aristotele
682 991 711 1040 et
730 983 853 1042 Isocrate

59 1061 180 1140 judic03
209 1083 328 1138 quorum
345 1074 470 1137 uterque
494 1081 547 1122 suo
574 1061 668 1120 studio
689 1060 851 1130 delectatus,

64 1142 372 1201 contemsit-alterum!
400 1184 439 1271 ἦ
474 1159 476 1163 ·
517 1169 521 1176 -

66 1297 156 1357 GAP.
178 1297 217 1356 Π.
243 1295 340 1368 Qum
362 1295 420 1356 loto
466 1303 566 1356 meunt
589 1296 704 1375 officim
731 1295 853 1374 quinam

96 1413 100 1418 -
173 1375 346 1454 Philosopld
360 1375 394 1434 de
408 1315 509 1454 effluite
524 1375 617 1436 dicere
631 1383 748 1454 queant:
820 1385 822 1392 ’

108 1489 170 1546 Seu
187 1508 251 1546 cum
275 1491 434 1549 statuissem
456 1491 579 1549 seribere
591 1489 625 1548 ed
638 1499 666 1547 te
680 1487 785 1562 aliquid
798 1488 853 1546 hoe

67 1575 204 1642 tempore,
225 1567 312 1622 multa
324 1567 451 1640 posthac,
475 1570 508 1624 ab
525 1587 560 1626 eo
574 1567 658 1625 ordiri
678 1567 753 1625 volui
776 1585 854 1624 max·

67 1644 134 1712 ime,
150 1642 226 1716 quod
240 1652 268 1700 et
281 1644 353 1699 aetati
368 1653 421 1699 tuae
441 1655 517 1702 esset
533 1645 721 1720 aptissimum,
744 1651 772 1700 et
790 1660 853 1700 auc·

66 1723 168 1781 toritati
189 1720 286 1782 meae.†
336 1719 499 1778 Nemeum
524 1721 611 1778 multa
631 1721 689 1776 sint
711 1719 741 1776 in
764 1719 855 1796 philo·

65 1801 167 1878 sophia
186 1809 215 1858 et
234 1799 337 1876 gravia,
353 1807 381 1855 et
401 1799 481 1856 utilia
500 1807 625 1856 accurate
646 1797 816 1874 copioseque
837 1816 854 1856 a

66 1879 246 1958 philosophis
261 1877 418 1954 disputem:
441 1876 577 1934 latissime
597 1879 707 1952 petere‡
725 1876 855 1936 videntur

9 1983 10 1988 ¹
66 1978 109 2026 ee,
122 1977 184 2030 quae
199 1956 234 2014 de
248 1955 349 2014 officiis
365 1955 462 2014 tradita
473 1955 507 2013 ab
520 1954 576 2012 illis
586 1964 614 2014 et
627 1964 767 2032 praeoepte
776 1964 851 2014 sunt.

66 2037 153 2096 Nulla
167 2036 243 2094 euim
257 2035 333 2106 vitoe,
343 2053 408 2111 pars
426 2052 518 2108 neque
537 2033 669 2110 publicis,
691 2051 783 2106 neque
798 2034 853 2110 pri·

66 2115 146 2184 vatis,
159 2133 254 2188 ,neque
275 2113 445 2182 forensibus,
468 2130 566 2186 neque
582 2111 745 2171 domesticis
766 2112 797 2170 in
810 2129 853 2170 re·

60 2273 136 2319 ¹ulons
147 2273 209 2318 been
222 2270 352 2330 preserved
364 2269 451 2322 entire,
483 2268 571 2316 Cicero
588 2282 645 2330 says
660 2269 690 2316 ol
702 2268 764 2330 him,
780 2267 853 2318 Brut.

65 2337 104 2383 31.
135 2335 211 2382 Nemo
227 2333 386 2396 Theophrasto
397 2331 497 2384 dulcior.
563 2381 566 2388 ,

9 2467 10 2474 ¹
96 2401 108 2427 ⁴·
130 2399 246 2447 Alterum.
283 2395 747 2463 Titestcdyondpurntitostlreotlter.

356 2538 515 2592 'CllAPTER
531 2539 562 2587 11.
599 2593 602 2600 Ι

98 2637 339 2694 summationem
372 2639 400 2686 ln
417 2638 511 2686 several
523 2635 606 2696 Mes,
617 2638 713 2702 though
722 2646 766 2686 uot
782 2639 852 2688 thore

9 2713 11 2734 ¹
68 2705 97 2754 ot
104 2703 199 2764 highest
211 2702 344 2764 authority,
354 2701 522 2766 grauissimum
534 2702 554 2748 is
566 2701 645 2748 added
655 2716 662 2760 ;
681 2703 722 2748 the
734 2715 804 2748 senes
815 2716 843 2749 re

10 2826 13 2831 ⁴
68 2767 146 2818 celtes
158 2766 219 2812 little
238 2767 416 2826 improvement
432 2767 508 2826 byits
521 2764 655 2812 insertion:
675 2768 735 2812 mort
752 2764 853 2815 metatis

69 2835 91 2880 lo
99 2844 140 2892 my
147 2829 274 2890 character,
286 2830 382 2890 implico
393 2831 431 2876 hie
439 2843 493 2875 own
505 2829 564 2888 high
573 2827 673 2886 opinion
685 2828 715 2872 os
722 2826 747 2872 it.

9 2905 11 2920 ·
100 2897 111 2953 t
128 2891 349 2956 Latiumepatere.
369 2893 403 2941 To
413 2890 522 2989 tenellae
532 2895 590 2937 mou
602 2887 852 2954 utendoeiofioaence.
932 2897 965 2936 ι
981 2901 983 2936 ι
