1978 3268
125 175 184 244 aaa
395 172 446 223 nn
464 169 618 223 carrona.

100 316 235 392 ,gotium
255 315 378 376 conficit.
420 313 523 372 Invitat
543 311 651 372 Canius
672 309 808 387 postridie
823 309 937 370 famili·

132 413 194 452 ares
209 413 286 454 suos.
325 390 488 468 Venitipse
509 401 634 452 mature:
656 389 794 448 scalmum
814 389 934 448 nullum

129 473 224 531 videt:
246 471 344 544 quern
357 489 394 530 cx
409 471 540 547 proximo
554 470 660 536 vicino,
673 487 742 526 num
756 467 834 524 seriae
851 469 933 540 quae·

76 593 78 598 ,
130 551 193 608 dam
209 550 380 628 piscatorum
402 561 507 615 asserat,
523 547 597 621 quod
620 566 670 606 eos
690 547 782 604 nullos
804 546 931 604 videret.

129 629 232 694 Nullae,
248 627 323 704 quod
346 629 446 694 sciam,
468 628 559 702 inquit
573 624 670 704 [itta]
680 625 731 682 ed
751 625 798 682 hic
819 624 933 700 piscari

129 706 198 766 nulli
213 706 313 765 solent
355 706 453 780 ltaque
468 707 528 766 beri
542 706 671 771 mirabar,
684 703 753 775 quid
762 703 931 760 accidisset.

167 785 343 844 Stomachari
359 785 478 846 Canius.
519 784 576 844 Sed
597 783 666 856 quid
678 782 799 840 faceret!
844 781 931 840 Non·

129 861 196 922 dum
216 865 293 924 enim
313 863 464 935 Aquillius,
485 863 608 939 collega*
623 874 651 919 et
671 860 814 919 familiaris
829 879 929 926 meuc,

129 942 280 1018 protulerat
293 941 327 998 de
342 941 407 998 dolo
422 942 495 1000 malo
509 941 653 998 formulas.
691 939 725 996 In
737 939 841 1010 quibus
855 939 929 1014 ipsis

130 1038 196 1078 cum
216 1038 307 1078 exeo
328 1029 505 1090 quareretur,
526 1019 594 1092 qnid
615 1029 692 1076 esset
711 1018 793 1076 dolus
814 1018 925 1074 malus:

130 1097 326 1176 respondebat,
351 1115 418 1154 eum
444 1108 521 1154 esset
547 1096 623 1156 aliud
649 1097 833 1162 simulatum,'
850 1094 927 1152 aliud

130 1185 232 1234 actum.
254 1175 319 1233 Hoc
332 1173 447 1246 quidem
458 1194 527 1234 sane
537 1175 702 1242 luculenter,
715 1185 746 1232 ut
756 1175 790 1230 ab
802 1174 924 1230 bomine

131 1255 222 1332 perito
250 1252 412 1311 definiendi.
452 1253 531 1330 Ergo
559 1263 587 1312 et
613 1254 747 1330 Pythius,
771 1262 799 1310 et
823 1270 926 1310 omnes

132 1332 207 1390 aliud
227 1343 351 1409 agentes,
372 1331 447 1390 alind
469 1333 644 1398 simulantes,
665 1330 775 1407 perfidi,
790 1331 924 1408 improbi,

132 1411 279 1472 malitiosi†
306 1418 380 1468 sunt.
433 1410 552 1469 Nullum
580 1411 665 1487 igitur
690 1411 795 1468 factum
826 1428 925 1467 eorum

136 1499 231 1566 potest
243 1489 311 1547 utile
325 1507 399 1556 esse,
414 1507 480 1546 cnm
494 1489 531 1546 sit
544 1499 585 1548 tot
598 1489 673 1546 vitiis
688 1489 876 1561 inquinatum.

132 1643 232 1696 dixerat.
264 1644 332 1694 Dicit
349 1643 458 1706 (Liscus)
473 1645 573 1695 liberius
589 1651 661 1708 atque
678 1645 819 1694 audacius:r
831 1644 924 1694 Eadem

132 1719 225 1760 secreto
246 1712 277 1760 ab
299 1711 353 1759 aliis
375 1710 464 1774 reperit
485 1712 587 1773 (Caesar)
607 1726 660 1758 esse
683 1712 763 1760 vcra”
795 1711 836 1758 On
858 1711 924 1759 these

131 1775 247 1841 grounds,
258 1775 474 1841 notwithstanding
484 1777 526 1825 the
537 1777 630 1826 dissent
640 1775 670 1824 of
680 1792 755 1840 many
767 1775 820 1824 able
836 1776 924 1834 critice,

132 1843 229 1891 nomina
240 1841 313 1906 facit,
324 1857 361 1889 we
372 1857 438 1904 may,
449 1841 510 1890 with
521 1843 562 1891 the
573 1849 622 1890 two
633 1841 704 1890 latest
714 1841 811 1900 editors,
822 1849 919 1890 venture

132 1911 158 1956 to
168 1907 291 1968 interpret,
303 1905 408 1970 Pythius
420 1905 496 1954 debite
509 1907 604 1956 Canius
609 1906 652 1971 scr
663 1905 701 1954 rte
712 1914 817 1955 amount.
866 1951 870 1958 .

164 1973 179 2005 ⁸
198 1969 304 2038 Collega.
324 1971 352 2018 C.
363 1971 485 2036 Aquillius
496 1971 582 2022 Gallus
590 1988 641 2020 was
651 1971 759 2020 Cicero‘s
768 1972 889 2036 colleague
897 1969 921 2018 in

132 2034 174 2084 the
184 2035 334 2098 praetorship.
367 2035 404 2083 De
420 2035 516 2084 Natura
528 2037 558 2086 D.
570 2053 591 2086 c.
602 2037 645 2086 30,
673 2041 687 2065 ‘⁴
695 2037 756 2086 Inde
765 2036 920 2086 everriculum

133 2099 282 2147 malitiarum
304 2099 422 2158 omnium,
445 2101 564 2152 indicium
591 2101 621 2150 de
644 2103 698 2151 dolo
720 2101 791 2162 malo,
813 2101 873 2166 quod
893 2101 919 2148 C.

132 2163 255 2225 Aquillius
272 2163 399 2214 farniliaris
417 2173 506 2225 noster,
521 2167 626 2230 protulit
659 2166 741 2224 Quem
759 2168 840 2216 dolum
857 2167 917 2214 idem

133 2227 255 2317 Aquillitps
266 2234 319 2277 tum
330 2229 408 2278 teneri
418 2237 494 2292 putat,
505 2248 563 2282 cum
580 2233 646 2282 aliud
657 2233 689 2282 sit
699 2233 847 2290 simulatum,
858 2231 919 2292 aliud

133 2294 230 2342 actum!

166 2355 315 2410 melitina
338 2357 426 2406 Onthe
435 2375 482 2407 one
490 2360 605 2420 sideman
614 2361 733 2428 certainly
742 2362 841 2426 positive
847 2360 918 2420 fraud,

133 2420 262 2480 salechood,
270 2422 317 2470 and
326 2421 469 2472 intentional
480 2424 620 2489 deception:
632 2443 664 2476 on
671 2427 712 2476 the
720 2427 796 2486 other,
808 2426 918 2490 certainly

134 2493 201 2536 want
211 2488 357 2536 ofcomrnon
369 2488 490 2549 prudence
499 2491 547 2538 and
556 2492 681 2542 attention.
715 2493 764 2541 But
771 2492 807 2541 for
813 2491 917 2540 Canins's

133 2569 262 2618 cagerness
279 2558 304 2601 to
322 2551 386 2627 close
404 2552 443 2600 his
461 2555 570 2619 bargain,
581 2558 629 2604 and
646 2556 686 2606 his
697 2557 835 2606 confidence
846 2557 870 2606 in
880 2556 917 2605 the

133 2619 240 2682 vemcity
251 2617 281 2665 of
294 2616 405 2682 Pythms,
423 2615 499 2682 slight
516 2619 622 2685 inquiry,
641 2639 668 2670 or
686 2638 746 2672 even
764 2621 840 2688 delay,
857 2628 918 2674 must

134 2680 194 2732 have
205 2681 352 2732 undeceived
363 2681 423 2732 him.
456 2683 504 2733 But
514 2685 556 2734 the
567 2687 669 2752 bargain
680 2687 771 2752 having
783 2688 841 2736 been
852 2688 916 2736 made

133 2747 182 2796 aad
193 2748 335 2808 completed,
343 2748 410 2797 what
421 2749 520 2814 remedy
532 2751 603 2801 could
614 2769 629 2800 a
640 2759 716 2812 court,
725 2753 809 2818 acting
817 2769 846 2802 on
857 2752 916 2816 equi·

133 2809 196 2856 table
207 2811 345 2874 principles,
356 2813 416 2862 have
427 2811 534 2864 ufforded
545 2821 571 2866 to
581 2817 622 2866 tbe
633 2818 666 2866 bu
683 2819 728 2866 eri
762 2817 787 2868 lt
802 2818 868 2866 could
878 2823 917 2868 not

134 2871 164 2918 be
180 2875 331 2924 mcerteined
346 2877 398 2926 that
415 2878 446 2928 he
463 2880 535 2929 mede
546 2881 594 2931 this
604 2899 666 2946 pure
735 2898 767 2932 on
778 2888 878 2932 account
893 2881 919 2931 ol'
