1978 3268
318 197 431 274 trstu.
450 223 608 272 cenxvn.
794 228 851 282 κω

70 377 121 418 nes
134 381 142 428 3
158 362 386 432 interimentum,
398 366 447 437 qui
457 364 583 441 ejusdem
593 365 755 442 gentissunt
766 383 774 432 3
789 383 852 441 pro·
903 391 910 400 ·

68 439 145 513 prior
156 459 262 507 eorum,
277 443 325 514 qui
340 443 466 520 ejusdem
477 444 605 502 civitatis.
625 443 721 516 Itaque
730 443 850 519 majores

70 515 143 576 aliud
162 519 210 594 jus
224 522 358 593 gentium,
371 519 447 576 uliud
456 521 504 595 jus
525 523 606 579 civile
620 541 682 580 esse
696 521 852 579 voluerunt.

70 593 153 659 Quod
177 598 270 663 civite,
285 617 342 655 non
362 597 437 654 idem
457 598 589 656 continuo
610 600 754 674 gentium3
776 598 852 670 quod

69 683 161 730 sutem
183 676 318 750 gentium,
332 674 406 732 idem
421 674 503 732 civile
517 693 580 732 esse
594 675 682 732 debet.
721 677 777 734 Sed
799 695 851 736 nos

70 753 128 808 veri
139 753 222 828 juris,
235 771 429 828 germaneque
441 753 556 828 justitie
570 752 686 810 solidum
701 765 729 811 et
739 774 852 831 expres·

70 848 130 886 sam
162 829 284 906 effigiem
314 831 418 888 nullam
440 845 587 899 tenemus;
615 832 713 889 umbra
739 844 767 890 et
786 834 853 890 irns-

68 907 183 980 ginibus
203 908 315 966 utimur.
356 909 414 967 Eas
439 911 525 986 ipses.
537 911 642 968 utinam
663 929 851 982 sequeremur.

69 985 210 1044 Feruntur
233 988 307 1044 enim
336 1007 373 1046 ex
403 989 517 1065 optimis
545 1002 647 1047 nature
675 1001 704 1046 et
733 988 852 1046 veritatis

69 1063 219 1139 exemplis.
260 1066 335 1126 Nam
358 1068 453 1139 quanti
467 1069 550 1125 verba
564 1069 620 1138 illa,
635 1086 686 1126 unt
704 1085 743 1125 un
769 1083 853 1124 rnor-

69 1159 129 1200 rnn
158 1161 196 1202 'tu
229 1163 357 1228 unupnvu
393 1164 474 1202 nutu
506 1165 613 1204 cerrus
644 1163 851 1204 unsuunnusvs

69 1238 148 1278 stunt.
197 1222 288 1288 Quam
320 1224 372 1284 tua,
397 1226 496 1280 aurea!
531 1241 622 1280 turen
653 1243 743 1282 nouos
775 1241 852 1282 unns

69 1317 161 1356 sessu
175 1298 339 1378 [ononrnn]
354 1318 392 1356 nn
406 1316 472 1356 snus
486 1317 703 1358 nnsunnmous.

111 1376 178 1440 Sed,
193 1379 241 1448 qui
253 1378 312 1434 sint
325 1377 400 1441 boni,
416 1388 443 1432 et
457 1375 524 1447 quid
542 1378 588 1441 sit.
602 1377 673 1434 bene
686 1378 740 1454 agi,
753 1396 853 1454 magns

70 1455 190 1525 questio
204 1465 256 1510 est.
298 1455 333 1519 Q.
348 1453 461 1525 quidem
476 1453 611 1520 Semela,
626 1455 753 1530 pontifex
765 1457 854 1514 mexi-

69 1549 146 1596 mus,
161 1531 300 1586 'summam
314 1532 371 1588 vim
380 1531 489 1587 dicebat
501 1549 564 1588 esse
578 1531 607 1588 in
621 1533 751 1590 omnibus
765 1533 801 1588 iis
812 1552 853 1590 sr-

70 1608 174 1673 nitriis,
205 1608 235 1665 in
263 1609 363 1678 quibus
390 1608 544 1674 adderetur,
572 1627 612 1666 nx
639 1628 707 1666 suun
739 1613 854 1678 noun*

70 1685 195 1756 fideique
218 1687 298 1742 bonae
323 1704 427 1743 nomen
451 1685 627 1742 existimabat
647 1705 758 1744 manare
779 1687 854 1744 latis·

72 1765 155 1831 sime,
168 1763 251 1836 idque
264 1763 367 1821 versari
378 1764 406 1820 in
418 1763 520 1829 tutelis,
533 1764 721 1831 societatibus,
733 1764 853 1833 fiduciis,

72 1842 220 1908 mandatis,
235 1844 316 1900 rebus
328 1842 421 1909 emtis,
435 1839 565 1914 venditis,
577 1841 731 1910 conductis,
744 1843 851 1911 locetis,

73 1922 175 1992 quibus
189 1921 252 1978 vite
273 1921 391 1977 societas
412 1919 598 1976 contineretur
609 1919 632 1980 :†
651 1919 681 1976 in
696 1920 739 1976 tis
761 1922 854 1996 magni
920 1967 924 1972 .

73 2017 138 2056 esse
155 1999 259 2074 judicis
274 2009 392 2056 statuere
408 1995 573 2075 (presertim
587 2015 652 2054 oum
669 1997 701 2053 in
715 1998 854 2072 plerisque

73 2087 169 2134 essent
191 2076 298 2152 judicia
325 2075 490 2152 contraris)‡
508 2073 575 2147 quid
595 2091 734 2146 quemque
752 2077 855 2149 euique

73 2167 204 2232 praestare
219 2165 366 2232 oporteret.

106 2311 121 2342 ⁸
134 2309 176 2358 Er
190 2309 247 2373 fide
269 2308 335 2359 boun
367 2309 434 2358 Thet
450 2308 482 2358 ull
497 2308 666 2358 erbitrements
688 2323 719 2356 on
736 2315 855 2358 eonneets

74 2375 216 2441 oontoining
227 2377 350 2442 expressly
361 2375 402 2425 the
413 2373 517 2424 formule
528 2373 570 2423 Ex
578 2373 634 2436 fide
645 2373 712 2432 bono,
723 2373 856 2422 demanded

74 2440 240 2490 extreordinsr
273 2441 398 2491 attention.
430 2441 467 2488 As
482 2439 523 2488 the
540 2439 647 2488 decision
662 2436 692 2486 of
704 2437 771 2486 these
788 2455 856 2500 quen·

75 2505 138 2553 tions
155 2506 230 2569 depen
261 2508 284 2566 d,
295 2513 338 2556 not
348 2523 380 2555 on
391 2505 488 2554 written
504 2505 558 2563 lnw,
569 2506 612 2553 but
623 2520 655 2552 on
670 2502 710 2552 the
727 2502 856 2552 diseretion

75 2570 105 2618 of
111 2569 152 2619 the
163 2571 254 2630 arbitri,
265 2587 292 2620 or
300 2571 403 2636 judiees,
410 2570 481 2618 when
491 2569 559 2618 dress
565 2576 640 2619 termo
648 2583 712 2618 were
723 2568 856 2632 employed,

75 2641 145 2699 great
155 2651 236 2696 power
246 2651 297 2684 wes
308 2635 426 2684 intrusted
436 2641 462 2682 to
472 2633 546 2682 them.

108 2698 119 2750 t
136 2697 438 2758 Quibus-contineretur:
455 2697 531 2746 etet
553 2715 594 2747 are
611 2697 648 2746 the
664 2713 721 2762 very
737 2695 812 2748 dando
832 2699 860 2764 of

74 2764 235 2901 ‘wemma
252 2827 380 2875 emeterio.
412 2826 552 2903 Aeeording
569 2835 594 2876 to
614 2826 655 2876 the
672 2827 747 2878 forms
764 2829 793 2878 ot*
804 2846 856 2894 pro-

75 2892 178 2956 oeedrng
190 2891 215 2940 in
230 2891 270 2940 the
281 2891 376 2940 Romen
388 2891 532 2951 lew-eourts,
543 2908 569 2942 tn
585 2907 640 2941 ense
651 2893 681 2942 of
691 2893 734 2944 the
747 2910 850 2959 non-per-

76 2954 199 3005 sormnnss
208 2955 359 3022 otordinery
371 2962 499 3016 deutrum,
509 2957 569 3008 esch
579 2965 649 3024 perty
657 2959 728 3010 eould
739 2960 842 3011 mrintni‘
