1978 3268
152 229 211 285 27⁰
434 228 481 276 DE
493 225 649 275 omens.

154 385 212 427 uon
232 387 297 428 esse
310 371 341 428 in
354 387 387 426 ee
408 368 607 440 unitateque
629 367 716 424 libers
736 366 797 432 ruit,
812 383 937 438 quaeque

50 505 53 512 ,
153 466 217 505 esse
231 447 337 516 debeat,
351 465 466 522 regnare
478 466 486 514 3
514 445 575 514 sed,
589 447 637 517 qui
652 444 711 523 [ei]
725 444 816 503 facere
830 446 936 520 possit,

153 543 217 583 esse
238 526 325 594 utile;
354 545 409 598 qua
430 524 506 582 hunc
527 525 728 601 objurgatione,
744 531 790 580 aut
811 541 871 594 quo
886 541 937 598 po·

153 603 207 660 tius
221 603 349 661 convicio
363 624 380 660 a
393 613 468 662 tanto
490 617 582 661 errore
603 621 688 660 coner
711 601 852 658 avellere?
878 601 936 659 Po-

153 689 207 737 test
232 682 319 750 enim,
343 681 383 740 dii
410 682 590 749 immortales,
619 682 749 753 cuiquam
774 698 840 738 esse
864 679 935 737 utile

154 758 341 818 foedissimum
362 770 390 818 et
411 761 590 818 teterrimum
614 757 793 835 parricidium
816 758 933 834 patriae:

153 837 282 909 quemvis
305 839 339 908 is,
355 839 403 911 qui
424 855 508 895 seeo
530 837 717 903 obstrinxerit,
733 837 766 893 ab
785 837 934 912 oppressis

152 916 261 973 civibus
289 915 414 976 Parens*
440 915 621 972 nominetur?
660 914 816 972 Honestate
849 915 935 990 igitur

152 993 296 1070 dirigenda
317 993 419 1051 utilitas
434 1001 486 1059 est,
509 991 665 1065 etquidem
679 993 730 1060 sic,
746 1001 776 1049 ut
790 993 851 1050 hrec
866 992 933 1060 duo,

152 1074 238 1129 verbo
259 1073 331 1129 inter
343 1089 375 1128 se
396 1069 562 1148 discrepare,
577 1087 607 1128 re
625 1089 714 1128 uuum
734 1089 835 1128 sonare
858 1069 934 1128 vide·

153 1161 242 1206 alitur.

192 1226 260 1284 Non
282 1225 382 1296 habeo,
403 1225 437 1284 ad
456 1225 534 1304 vulgi
556 1226 728 1304 opinionem,
754 1245 816 1300 quae
844 1229 934 1305 major

151 1303 265 1373 utilitas,
277 1323 361 1380 quam
374 1305 518 1383 regnandi,
533 1323 596 1364 esse
610 1305 700 1382 possit
710 1304 733 1367 :†
744 1305 823 1364 nihil
838 1318 934 1364 contre

151 1383 277 1442 inutilius
291 1384 327 1452 ei,
342 1385 461 1458 quinon
477 1385 554 1460 juste
567 1392 733 1442 consecutus
748 1384 793 1451 sit,
808 1385 933 1451 invenio,

152 1480 217 1519 eum
231 1462 418 1520 adveritatem
432 1463 505 1538 coepi
525 1480 655 1520 revocare
675 1462 822 1519 rationem:
863 1463 934 1520 Pos-

152 1549 218 1598 sunt
231 1541 306 1599 enim
320 1541 450 1614 cuiquam
463 1559 526 1598 esse
537 1540 619 1598 utiles
632 1558 758 1618 angores,
770 1540 933 1598 sollicitudi-
968 1605 969 1615 p

152 1636 214 1686 nes,
239 1618 331 1677 diurni
355 1629 384 1676 et
406 1619 534 1678 nocturni
560 1628 662 1687 melus,
687 1617 744 1676 vite
766 1617 932 1694 insidiarum

152 1698 394 1772 periculorumque
408 1698 591 1775 plenissimel

183 1853 199 1886 θ
215 1851 318 1904 Parem.
349 1855 432 1904 Ceron
448 1853 475 1902 in
492 1854 530 1902 his
552 1852 659 1912 lifetime,
676 1869 727 1903 was
746 1851 823 1901 called
841 1851 933 1901 Perens

151 1915 255 1975 Petriaer
270 1917 332 1967 ester
348 1919 387 1968 his
405 1920 484 1978 death,
502 1935 517 1968 s
538 1919 636 1968 column
655 1924 681 1966 to
700 1918 739 1966 his
755 1933 836 1966 memo
881 1933 933 1966 wes

150 1983 253 2040 mooted,
261 1983 363 2048 bearing
373 1984 414 2032 tho
424 1999 491 2032 seme
502 1983 651 2046 irrrcriplion.
682 1983 748 2032 Suet
758 1983 820 2030 Cres.
830 1983 843 2030 7
861 2019 868 2041 ,
879 1981 917 2030 85.

183 2045 267 2096 'tNrm
285 2047 330 2094 hob
430 2050 469 2098 eil.
501 2049 597 2098 Several
619 2047 685 2112 early
705 2049 807 2096 editions
827 2047 864 2096 for
885 2061 933 2095 non

150 2107 228 2168 habeo,
238 2111 299 2160 heve
309 2126 358 2162 non
367 2129 382 2160 a
398 2129 435 2162 eo:
451 2121 515 2162 most
525 2113 596 2162 MSS.
608 2113 655 2162 end
667 2129 733 2161 some
744 2112 794 2160 eorl
822 2112 932 2170 editions,

150 2185 215 2220 nunc
231 2173 300 2231 obeo:
321 2177 403 2225 which
419 2178 519 2242 reading
536 2178 626 2241 Bishop
641 2176 731 2226 Peerce
747 2128 845 2240 pregre.
877 2177 932 2225 'l'he

151 2244 254 2298 present,
273 2239 374 2301 adopted
396 2243 428 2305 by
447 2242 488 2290 the
511 2243 669 2308 Heusingers,
691 2243 739 2291 end
758 2241 932 2299 Gemhurists

150 2299 371 2376 foundliubutl'ew
382 2305 453 2354 MSS.
480 2307 511 2355 In
522 2308 563 2356 ssre
574 2324 687 2382 passages
696 2307 825 2370 compared
836 2306 895 2356 with
905 2306 932 2364 it,
965 2367 966 2370 Ἴ

150 2366 241 2415 “Nihil
257 2368 333 2417 hebeo
348 2371 411 2430 quod
427 2386 483 2418 cum
500 2371 607 2420 amicilia
618 2372 737 2434 Smpionis
753 2387 852 2434 possum
868 2387 931 2420 com-
965 2375 966 2386 ¹

151 2433 258 2495 perure'*
290 2431 349 2481 net
360 2433 398 2481 27.
409 2436 457 2483 end
466 2436 555 2483 “Nihil
566 2437 642 2484 habeo
653 2437 716 2499 quod
727 2451 841 2485 accusem
851 2451 931 2484 senec

151 2499 255 2556 tutem;”
270 2499 312 2548 the
323 2498 467 2561 applicetion
477 2499 506 2546 of
516 2501 557 2548 the
573 2502 630 2548 verb
640 2500 724 2549 labere
741 2502 762 2548 is
778 2509 821 2550 not
836 2502 931 2566 exectly

149 2562 250 2612 similer.
281 2564 388 2629 Though
399 2564 439 2612 the
450 2565 548 2627 general
558 2565 657 2614 meunin
685 2567 932 2625 oennotbedoubted,

152 2626 170 2674 Ι
175 2627 204 2675 do
210 2635 249 2677 not
257 2629 342 2680 accede
351 2636 373 2677 lo
384 2628 422 2678 tle
431 2627 519 2692 vulgar
527 2630 629 2692 opinion,
638 2583 714 2678 wfiiclr
719 2631 801 2694 placer
810 2631 931 2680 dominico

151 2690 254 2753 ilrefirst
265 2695 293 2758 of
305 2695 395 2744 lumen
407 2695 556 2760 possessione
560 2710 570 2751 ,·
586 2700 628 2757 yet
639 2695 679 2742 the
691 2696 855 2744 construction
866 2702 931 2746 must

151 2754 180 2802 be
191 2757 306 2808 admitted
317 2767 342 2809 to
353 2761 381 2808 be
390 2761 496 2808 obscure.
512 2757 588 2806 tht
599 2759 620 2806 is
631 2759 672 2808 the
682 2759 765 2822 ellipse
776 2761 837 2808 with
845 2759 930 2808 habeo?

150 2822 379 2888 sspossiblyfidem.
412 2825 441 2872 ln
453 2840 527 2889 many
539 2823 649 2886 coruom,
657 2824 705 2873 llris
716 2831 831 2875 sentence
842 2824 864 2874 ir
874 2825 930 2874 reed

151 2887 357 2954 rutemogstively3
368 2890 464 2954 possit?
