1984 3276
168 155 207 210 53
454 152 502 199 ua
520 149 671 199 omens.

169 294 329 367 Contraque
351 294 381 351 in
404 293 542 360 laudibus,
565 311 627 365 quae
652 308 753 368 magno
777 289 898 360 animo,
925 290 974 371 [et

169 373 274 450 eluar]
284 372 388 429 sortiter
400 371 621 444 excellenterque
632 381 710 447 gesta
720 378 794 438 suut,
806 389 847 427 ea
857 373 972 429 nescio

169 471 225 525 quo
248 449 331 507 modo
350 451 428 520 quasi
450 450 574 524 pleniore
601 468 648 508 ore
676 448 833 523 laudamus.
881 449 970 506 Hinc

168 531 309 587 rhetorum
318 545 433 604 campus
442 528 476 584 de
484 528 657 593 Marathone,
666 528 817 594 Salamine,
826 527 967 594 Plataeis,

170 607 383 682 Thermopylis
399 607 542 664 Leuctris:
565 608 631 664 hinc
645 615 739 664 noster
752 605 873 672 Cocles,
892 606 966 662 hinc

169 684 260 750 Decii,
277 685 342 742 hinc
358 684 462 742 Gnaeus
476 697 504 741 et
516 685 633 742 Publius
648 684 806 759 Scipiones,
823 683 901 740 hinc
919 683 963 740 M.

170 761 331 825 Marcellus,
350 763 568 820 innumerabiles
591 762 657 819 aliis
685 762 868 833 maximeque
896 765 963 837 ipse

170 840 291 914 populus
322 841 466 898 Romanus
498 841 583 900 animi
602 839 799 915 magnitudine
827 841 961 896 excellit.

170 915 333 985 Declaratur
355 929 445 975 autem
471 918 592 975 studium
616 918 722 978 bellicae
746 917 855 993 gloriae,
878 915 959 990 quod

169 1005 276 1052 saluas,
286 1015 397 1070 quoque
411 996 542 1070 videmus,
551 1007 647 1054 ornatu
660 995 717 1053 fere
732 995 856 1052 militari.

171 1184 259 1244 CAP.
279 1187 360 1245 XIX.
406 1162 537 1248 Tertium
559 1189 706 1257 uirtutem,
721 1207 784 1267 quae
806 1195 872 1248 erat
886 1187 956 1325 ζον·

208 1263 312 1334 titudo,
328 1267 466 1343 proponit
487 1267 603 1350 Cicero:
625 1286 697 1359 puae
710 1269 833 1326 virtuter
849 1268 885 1325 de
908 1274 954 1326 eut

208 1341 310 1401 habere
325 1345 462 1402 comites:
482 1345 588 1422 quibus
601 1347 683 1417 ostiis
695 1345 777 1424 infici
790 1344 894 1404 soleat.

209 1499 270 1557 San
283 1514 317 1558 ea
330 1501 416 1559 animi
429 1501 521 1568 elatio,
529 1521 590 1573 quae
604 1501 725 1558 comitur
737 1502 767 1558 iu
778 1502 915 1576 periculis
926 1512 953 1560 et

169 1576 318 1648 laboribuS,
343 1581 368 1638 si
391 1581 500 1656 justitia
526 1587 604 1635 vacat
631 1588 787 1655 pugnatque
814 1597 874 1636 non
898 1600 950 1656 pro

170 1657 258 1715 salute
278 1659 430 1727 communi,
445 1659 494 1716 sed
512 1665 565 1734 'pro
581 1656 640 1714 suis
655 1655 820 1723 commodis,
836 1656 867 1713 in
881 1659 950 1716 vitio

170 1745 222 1792 est.
262 1736 291 1792 N
293 1755 331 1792 on
345 1738 420 1799 enim
435 1737 519 1795 modo
533 1734 562 1792 id
576 1735 682 1791 virtutis
696 1743 819 1800 nonest,
834 1735 885 1792 scd
905 1747 949 1794 est

170 1812 263 1886 potius
286 1812 475 1881 immanitatis,
499 1831 612 1870 omnem
635 1812 834 1870 humanitatem
859 1815 949 1889 repel-

170 1888 263 1945 lentis.
304 1888 400 1961 ltaque
415 1893 500 1966 probe
514 1890 644 1947 definitur
658 1909 675 1946 a
687 1889 790 1947 Stoicis
803 1889 946 1960 fortitudo,

169 2051 363 2116 Halicarnassus,
375 2060 422 2109 and
438 2077 453 2110 a
468 2062 561 2126 nymph
571 2063 627 2112 who
642 2059 775 2127 habituaily
785 2050 874 2111 bathed
883 2063 908 2112 in
921 2063 947 2123 it,

170 2122 226 2168 bore
238 2121 278 2169 the
289 2137 361 2170 name
372 2124 402 2171 of
412 2124 537 2175 Salmacis.
570 2127 756 2190 Metamorphos.
767 2126 798 2175 iv.
809 2126 862 2175 285.
894 2128 946 2177 The

169 2199 212 2234 use
223 2186 253 2234 of
263 2186 294 2234 its
305 2193 392 2236 waters
403 2205 454 2238 was
465 2193 616 2253 represented
631 2193 664 2256 by
675 2193 716 2240 the
732 2198 798 2253 poeta
810 2209 836 2240 ae
846 2192 946 2258 making

169 2265 226 2297 men
246 2251 394 2302 effeminate:
418 2255 493 2303 hence
512 2249 552 2305 the
569 2257 695 2319 apellation
711 2273 762 2304 was
781 2257 893 2322 probably
907 2260 944 2306 be

169 2301 259 2363 stowed
279 2318 483 2384 proverbially'on
502 2337 559 2369 men
578 2322 607 2369 of
624 2322 749 2384 suspected
768 2323 945 2386 oourage,·who

122 2396 123 2399 ¹
168 2379 248 2466 might
259 2382 287 2429 be
298 2386 415 2496 suppetam
426 2386 499 2498 ppady
510 2393 535 2434 to
546 2388 673 2499 surrendpp¹
684 2386 746 2434 their
755 2386 834 2448 spoils,
841 2385 943 2453 ἀνιδρωτὶ

169 2463 211 2494 aar
224 2465 276 2496 arar
300 2465 352 2505 aar,
377 2466 417 2500 oa
444 2465 511 2498 raver
522 2468 553 2498 an
596 2468 648 2499 ouis
809 2463 811 2470 ’

200 2515 215 2545 *
232 2467 311 2560 Elcho.
334 2513 396 2565 'I'his
407 2516 480 2572 word,
491 2459 622 2564 whichadhe
634 2515 785 2578 Heusingers
795 2515 906 2565 excluded
915 2519 941 2566 ia

165 2593 183 2623 a
199 2579 329 2641 preceding
344 2580 486 2643 paragraph,
502 2580 530 2638 is,
547 2581 573 2628 in
589 2581 650 2629 their
666 2579 764 2637 edition,
775 2579 832 2630 here
842 2580 940 2632 inserted

168 2657 200 2688 on
212 2643 252 2691 the
263 2643 322 2692 faith
334 2642 363 2692 of
370 2645 465 2692 ancient
476 2645 570 2698 editors.
