1984 3276
150 191 188 248 48
433 189 481 238 DE
498 187 650 238 OFFlCllS.

149 330 272 390 hibenda
297 339 350 390 est
391 329 510 388 Nullum
535 329 612 388 euim
639 329 765 396 officium
790 331 969 394 referenda

149 411 236 485 gratia
249 410 338 484 magis
352 409 544 467 necessarium
558 417 611 465 est.
969 437 970 528 p

189 487 311 551 Quodsi
325 505 367 554 ea,
383 505 445 559 quae
459 487 561 546 utenda
575 485 726 561 acceperis,
735 488 851 564 majore
864 506 947 546 men-

149 583 221 630 sura,
243 565 269 621 si
290 565 373 623 modo
394 566 497 640 possis,
515 566 596 642 jubet
616 565 730 622 reddere
751 565 912 625 Hesiodus
921 571 945 634 ς*
968 573 971 680 ⁴

149 642 282 714 quidnam
297 644 433 702 beneficio
448 643 590 720 provocati
604 643 692 700 facere
707 643 874 702 debemus?
899 647 944 703 An

150 721 265 784 imitari†
279 741 359 797 agros
381 722 495 790 fertiles,
516 722 566 794 qui
588 722 676 779 multo
697 722 761 796 plus
787 724 944 795 efferuntss

149 816 233 868 qoam
247 801 432 876 acceperunti
453 801 569 858 Etenim
589 799 615 856 si
634 799 664 856 in
678 816 737 866 eoa,
753 819 828 872 quos
845 821 942 878 spera·

149 893 212 935 mus
226 880 307 937 nobis
327 879 496 954 profuturos,
510 896 569 936 non
588 877 746 934 dubitamus
760 878 864 937 officia
878 899 942 938 cou-

149 955 240 1024 lerre3
262 957 358 1029 quales
372 958 465 1015 ineos
486 975 550 1014 esse
570 955 715 1022 debemus,
730 957 780 1028 qui
795 957 863 1033 jam
880 977 940 1034 pro

149 1034 282 1092 fuerumt
304 1035 381 1092 Nam
401 1053 466 1092 oum
487 1034 542 1092 duo
556 1051 659 1110 genera
671 1034 850 1092 liberalitatis
874 1039 937 1102 sint,

148 1129 237 1171 unum
251 1111 336 1170 dandi
355 1112 495 1179 beneficii,
510 1112 627 1170 alterurn
647 1111 800 1180 reddendi;
823 1114 937 1180 demus

149 1209 202 1248 neo
216 1209 262 1256 ue.
277 1191 306 1253 in
320 1200 415 1248 nostra
428 1199 564 1266 potestate
578 1199 642 1258 est3
663 1209 721 1248 uon
734 1190 867 1260 reddere,
881 1194 937 1250 viro
965 1148 973 1284 l

149 1269 224 1421 bonp
238 1287 295 1328 non
315 1269 391 1336 licet,
405 1268 490 1328 modo
511 1267 540 1326 id
553 1267 643 1326 lacere
663 1268 755 1344 possit
778 1269 844 1328 sine
868 1271 936 1348 iuju-

149 1365 199 1404 na.

182 1465 197 1496 ⁸
214 1459 339 1510 Hesiodus.
356 1458 518 1524 ’Epp.v.3⁴6.

212 1531 246 1573 Eu
258 1524 302 1586 μὶν
310 1525 453 1590 proprietas
462 1527 526 1598 oapi
534 1519 649 1596 pulcrior,
656 1516 685 1602 ‘sd
695 1521 718 1570 δ’
728 1523 871 1587 nostriset,

217 1593 286 1652 adep
295 1593 416 1657 τῷμίηφ,
430 1587 473 1640 καὶ
484 1589 560 1648 adres,
572 1603 625 1636 cres
635 1589 723 1646 turrea,

212 1656 252 1710 'nr
264 1659 287 1707 dr
299 1657 405 1726 χςκιζυν
416 1654 459 1707 aul
472 1657 493 1709 'rr
505 1672 604 1723 verrgtr
616 1656 691 1719 ὰριιον
703 1653 778 1720 edgari

182 1722 246 1773 irin
255 1723 353 1772 imitari.
371 1726 410 1770 All
422 1725 490 1784 early
501 1722 614 1773 editions.
625 1721 682 1766 witti
702 1721 743 1766 tbe
763 1718 899 1778 exception
911 1721 936 1766 ol

151 1788 204 1846 that
216 1789 313 1847 printed
325 1789 349 1834 in
361 1787 446 1848 Rome,
458 1788 512 1844 gire
524 1785 571 1832 this
589 1783 764 1844 interrogation
785 1784 933 1844 negatively‚

151 1849 438 1911 onnonwhictrreadtng
452 1847 587 1896 Facciolati
596 1848 644 1894 and
654 1847 752 1894 Ernesti
764 1847 848 1906 adopt.
884 1848 933 1894 Tbe
973 1901 975 1914 Ι

152 1913 312 1972 Heusingers,
323 1913 417 1974 finding
436 1914 477 1958 tlte
488 1917 586 1969 present
602 1918 654 1956 text
673 1911 784 1958 retained
804 1910 829 1955 in
848 1910 884 1956 all
895 1912 932 1957 tbe

153 1976 226 2022 MSS.
237 1977 316 2022 which
329 1977 384 2034 they
404 1977 466 2021 have
477 1973 611 2033 consulted,
623 1974 685 2023 bare
696 1974 769 2034 giren
787 1973 806 2020 it
825 1975 868 2020 the
880 1989 932 2034 pre·
971 1967 975 2030 Ι

152 2041 257 2084 lerence.
289 2039 310 2084 lt
322 2040 354 2097 by
365 2053 397 2083 no
416 2051 500 2084 means
520 2051 598 2083 seems
615 2037 713 2098 against
733 2038 774 2083 the
788 2038 894 2098 analogy
908 2039 934 2084 ol
973 2065 975 2088 r

152 2104 193 2148 tbe
206 2102 277 2148 Latin
290 2109 389 2161 tongue,
400 2116 427 2148 or
439 2099 550 2161 unusual,
561 2108 586 2146 to
602 2099 657 2160 gire
668 2109 693 2147 to
706 2115 721 2148 a
732 2101 818 2159 simple
830 2101 930 2147 interro·

151 2163 235 2224 gation
246 2165 286 2209 the
299 2179 370 2210 sense
381 2163 410 2210 of
418 2163 547 2224 affirming,
582 2164 673 2212 Suntne
686 2165 812 2211 sorbonne
824 2169 887 2224 mut,
900 2165 930 2211 iii.

155 2231 202 2276 lt:
221 2227 302 2275 dubito
313 2241 354 2286 on,
367 2229 416 2274 und
427 2228 503 2276 nescio
514 2241 555 2298 aa,
567 2241 610 2274 are
627 2235 652 2274 to
672 2229 702 2275 be
719 2229 865 2275 understood
879 2231 904 2274 in
915 2243 930 2275 a

152 2291 356 2339 similarmode.'
398 2299 402 2302 '
472 2297 473 2300 ’

185 2354 326 2418 tEfferunt.
342 2353 462 2418 dfferunt,
474 2355 498 2401 io
515 2369 582 2401 some
594 2353 682 2412 MSS.;
707 2354 818 2417 offerunt,
830 2354 854 2400 in
875 2372 928 2405 ons.

153 2422 260 2467 Grrevlus
280 2421 397 2479 adopted,
416 2421 463 2466 sod
476 2418 610 2466 Facciolati
633 2433 761 2478 errorores,
780 2420 821 2464 tbe
832 2429 926 2477 present

152 2484 263 2548 reading.
297 2483 364 2531 rbus
377 2483 444 2529 Brut.
455 2498 476 2530 c.
487 2483 510 2530 ⁴„
536 2484 551 2510 “
561 2482 637 2528 Modo
659 2481 722 2529 idem
735 2490 817 2528 noster
836 2485 926 2532 animus

153 2547 247 2596 efficere
259 2547 337 2609 possit
355 2547 418 2606 quod
430 2560 506 2608 ager3
523 2545 630 2606 quicum
642 2547 730 2593 multos
743 2560 821 2592 annos
832 2549 926 2608 quierit,

153 2613 277 2660 uberiores
288 2610 374 2659 efferre
385 2613 467 2672 fruges
476 2610 560 2657 solet.''
593 2609 648 2654 And
660 2604 684 2654 i'n
697 2609 732 2657 St.
744 2609 825 2656 Paul's
837 2609 926 2670 Epistle

152 2684 178 2722 to
190 2678 230 2722 the
241 2678 365 2733 llebrews‚
377 2676 448 2731 cbap.
459 2673 492 2720 vi.
504 2687 526 2719 v.
537 2675 559 2720 8.
577 2672 608 2719 ri
619 2671 673 2734 'sepi
687 2691 748 2720 oure
756 2671 865 2724 metae.

184 2738 266 2796 §Sine
285 2737 393 2801 injuria:
408 2735 506 2784 outone
522 2735 639 2798 dulming
658 2690 695 2785 lde
707 2738 783 2800 rights
801 2738 832 2800 os
846 2737 926 2786 othere

153 2801 288 2850 Facciolati
305 2808 447 2860 interprets;
464 2799 499 2846 its
518 2799 604 2846 reddat
624 2807 650 2846 ut
669 2815 717 2848 nou
737 2801 845 2848 rideatur
864 2803 925 2851 nolle

153 2865 250 2925 debere,
260 2873 285 2912 et
295 2865 364 2925 quasi
376 2862 489 2912 vendenti
497 2863 600 2910 solvere.
