1978 3268
141 207 199 264 288
419 205 467 253 DE
485 202 637 254 omens.

180 347 238 408 Sed
264 347 394 420 quoniam
421 365 438 402 a
463 353 581 417 quatuor
616 342 738 402 sontibus
764 339 925 398 honestatis
971 414 973 421 Α

140 428 232 504 primo
242 427 312 483 libro
321 424 415 482 officia
425 423 567 490 duximus,
579 422 608 480 in
620 420 726 478 eisdem
736 421 923 485 versabimur,

140 523 206 564 eum
231 502 404 570 docebimus,
430 521 472 568 ea,
501 519 563 572 quae
590 499 717 558 videntur
740 515 803 555 esee
829 499 922 565 utilia,

139 600 230 654 neque
251 591 325 649 suut,
340 599 424 652 quam
445 580 503 636 sint
525 579 633 636 virtutis
656 577 781 636 inimica.
821 577 865 634 Ao
886 576 925 634 de

138 659 285 736 prudentia
312 658 435 732 quidem,
464 675 548 730 quam
576 657 636 714 vult
662 655 763 712 imitari
791 655 922 723 malitia;

139 739 262 811 itemque
276 737 311 796 de
321 738 440 814 justitia,
455 755 516 809 quae
537 753 649 811 semper
662 745 705 791 est
718 733 804 800 utilis,
824 733 924 808 dispu-

138 825 225 874 tatum
239 826 292 874 eet.
333 815 459 888 Reliquae
481 823 546 872 suut
559 813 621 892 due
640 823 731 888 partes
753 812 922 878 honestatis,

138 913 255 970 quarum
270 895 354 953 altere
366 895 396 951 in
409 893 496 950 animi
510 892 673 949 excellentis
685 889 877 966 magnitudine
892 900 922 946 et

138 973 298 1051 prestantia
324 971 454 1038 cernitur,
478 969 563 1026 altere
586 970 617 1027 iu
643 969 864 1027 conformatione
892 977 923 1025 et
969 1005 973 1024 r

138 1050 328 1110 moderatione
342 1047 520 1106 continentie
534 1057 562 1106 et
573 1047 771 1125 temperantiae.

137 1205 227 1264 eAP.
247 1203 357 1264 XXVI.
395 1199 575 1282 Eeemplum
593 1200 708 1282 Ulyeoie
728 1201 850 1264 αάιὶιιοίῑ
873 1201 921 1260 Οἰ-

176 1300 263 1352 oero3
283 1299 375 1361 quum
388 1281 541 1342 honestum
560 1299 620 1342 nort
633 1281 683 1350 eit,
704 1298 756 1342 neo
769 1279 843 1340 utile
857 1297 919 1338 esse

170 1378 269 1443 poree.

175 1505 274 1566 Umu
289 1502 432 1562 videbatur
446 1501 536 1570 Ulixi,
550 1509 582 1558 ut
595 1500 709 1574 quidem
725 1498 852 1579 [poete]
867 1509 921 1558 tra·

136 1585 210 1664 giei*
234 1581 433 1661 prodiderunt:
455 1599 521 1639 uam
549 1579 622 1656 apud
650 1579 819 1650 Homerum,
846 1580 921 1656 opti·

135 1682 215 1723 mum
229 1672 380 1730 auctorem,
402 1660 463 1717 talio
479 1659 513 1716 de
528 1658 615 1716 Ulixe
628 1658 705 1716 nulla
724 1657 849 1735 suspicio
864 1669 918 1726 est,

135 1739 187 1800 aed
195 1739 357 1799 insimulant
367 1756 432 1796 eum
441 1737 590 1814 tragedia,
601 1737 779 1794 simulatione
791 1737 919 1804 insanie,
971 1773 972 1784 r

134 1819 266 1878 militiam
292 1816 481 1892 subterfugere
501 1815 636 1873 voluisse.
678 1814 746 1872 Non
767 1815 918 1873 honestum

135 1897 294 1956 eonsilium.
335 1896 373 1952 At
393 1895 470 1962 utile,
492 1904 524 1950 ut
537 1892 638 1965 aliquis
658 1891 775 1952 sortasse
798 1893 910 1960 dixerit,

134 1991 260 2051 regnare,
275 1983 304 2031 et
316 1972 418 2030 ithacae
432 1973 526 2028 vivere
546 1971 636 2028 otiose
656 1988 721 2028 com
744 1972 916 2048 parentibus,

135 2069 200 2109 oum
213 2069 311 2118 uxore,
327 2069 391 2108 eum
409 2049 479 2108 filio.
521 2047 619 2106 Ullum
633 2057 662 2107 tu
683 2048 769 2106 deeus
784 2050 814 2107 in
828 2051 917 2122 quoti·

124 2127 227 2188 'diane
252 2128 391 2186 laboribus
406 2126 580 2204 etperieulie
603 2143 668 2184 eum
690 2127 743 2184 hee
765 2128 917 2200 tranquilli·

134 2215 189 2264 tete
202 2205 401 2265 eonferendum
415 2205 520 2282 putasl
540 2204 606 2282 Ego
619 2223 686 2265 vero
699 2206 782 2266 istam
793 2215 915 2265 coutem-

389 2394 553 2446 CHAPTER
568 2394 659 2445 xxvl.

134 2537 136 2542 ¹
165 2523 230 2575 *ll
266 2524 302 2573 ‘si
342 2522 481 2589 Hesychius
503 2524 551 2572 end
572 2523 614 2572 the
633 2523 749 2575 soholimt
767 2541 799 2574 on
818 2523 916 2586 Pinder,

133 2590 220 2642 lstbm.
272 2624 275 2638 2
288 2589 326 2650 iv,
336 2589 383 2639 cite
394 2589 435 2639 the
447 2587 579 2640 ’oraculo
590 2589 730 2652 μαινόμενος
744 2590 915 2653 osSophoolee.

132 2655 237 2731 Neitber
250 2656 314 2731 thet·
323 2671 367 2706 uor
381 2671 430 2720 eny
441 2653 508 2730 otber
525 2653 603 2718 tregia
620 2655 687 2718 pieoe
697 2656 728 2705 of
739 2655 861 2720 intiquity
879 2673 915 2706 re-

131 2720 914 2859 fflrfflihmq'iffoia'iiffiiiffluffi

131 2845 220 2906 which.
230 2850 343 2914 possibly,
353 2865 405 2901 uua
415 2849 486 2900 mede
495 2849 537 2900 the
547 2855 641 2900 extract
651 2849 731 2902 which
739 2849 839 2900 follows.

969 2953 971 2992 l
