1970 3278
327 299 329 306 ,
349 241 459 294 arara
481 241 557 296 err.
570 243 593 291 1.
655 207 658 213 Δ
764 241 853 297 «ree

92 389 234 442 arcessatur,
242 387 358 448 tanquam
365 401 381 434 a
388 384 491 449 justitie,
498 385 627 450 sapientia,
638 383 788 443 liberalitate,
799 382 854 441 tide,

91 445 250 507 humanitate,
261 449 437 512 hospitalitate.
469 451 509 499 Ad
524 451 654 500 utilitatem
664 465 721 500 vero
737 447 854 512 quonism

92 513 197 572 pertinet
216 514 291 562 etiam
309 515 427 573 valetudo,
445 516 601 585 pecuniaeque
619 515 716 573 ebrado,
734 513 854 578 quomodo

91 577 203 627 valetudo
214 585 368 638 sustentetur,
380 585 405 626 et
415 580 519 642 pecunia
527 581 626 630 honeste
635 586 765 644 quaeretur,
774 586 853 628 osten·

91 640 134 690 dit
167 643 199 692 ln
214 645 393 706 comparatione
409 651 490 693 sutem
508 645 648 704 utilitatum,
663 661 739 709 quum
757 644 796 694 vel
813 659 853 690 ex-

90 711 162 756 terna
179 709 307 758 commoda
324 725 380 758 cum
400 710 535 758 commodis
553 710 667 773 corporis,
686 710 724 759 rel
745 707 853 772 eorporis

91 773 220 820 commoda
231 789 288 822 cum
300 773 415 832 externis,
427 781 469 822 aut
480 776 607 824 commoda
622 775 728 839 corporis
744 774 807 823 inter
818 789 852 832 se,

91 843 136 885 aut
147 845 247 886 externe
258 854 315 886 cum
326 838 431 888 externis
443 847 619 902 comparentur,
627 856 676 888 non
688 839 789 889 dubium
799 855 854 888 esse

91 902 233 963 pronuntiat
244 903 303 964 quin
320 905 399 968 major
414 903 506 953 utilitas
523 903 617 958 minori,
628 905 660 954 sit
678 905 853 969 anteponenda,

91 965 140 1015 hac
151 971 233 1016 tamen
244 967 298 1034 lege
308 983 340 1018 ne
351 970 382 1018 ab
392 969 493 1020 honesto
504 970 653 1022 deflectatur.

58 1127 150 1187 OAP.
165 1128 190 1188 I.
211 1127 582 1270 Philosophienlratrrnicum
609 1147 670 1190 eree
696 1129 850 1190 Ciceronis

385 1229 417 1270 eo
460 1229 535 1270 eum.

99 1339 190 1406 Quen
206 1338 240 1398 ed
259 1339 375 1400 modum
396 1341 489 1399 officia
506 1341 672 1400 ducerentur
692 1341 726 1399 ab
746 1340 851 1399 hones-

58 1427 126 1485 tate,
153 1418 250 1476 Marce
274 1420 325 1486 fili,
349 1431 432 1491 atque
453 1421 487 1478 eb
507 1420 586 1478 omni
606 1437 707 1495 genere
728 1419 850 1488 virtutis,

57 1497 129 1553 satis
141 1496 311 1570 explicatum
323 1499 438 1555 arbitror
448 1499 520 1556 libro
532 1499 686 1574 superiore.
707 1497 850 1570 Sequitur,

57 1585 91 1632 ut
106 1574 167 1630 haec
181 1573 338 1630 officiorum
350 1593 452 1649 genera
462 1594 624 1651 persequar,
637 1593 699 1646 quae
710 1575 851 1649 pertinent

57 1653 96 1711 ad
111 1651 174 1708 vitre
188 1651 304 1716 cultum,
320 1651 397 1707 etad
410 1670 506 1709 earum
526 1670 629 1718 rerum,
651 1652 753 1723 quibus
770 1662 851 1709 utun-

57 1742 106 1790 tur
126 1729 269 1795 homines,
290 1728 458 1797 facultatem,
474 1729 509 1786 ad
522 1747 603 1806 opes,
618 1729 653 1785 ad
667 1729 773 1803 copias.
816 1728 851 1787 In

58 1811 135 1884 quo*
149 1819 206 1866 turn
222 1807 309 1881 qnaeri
323 1807 392 1873 dixi,
409 1807 476 1880 quid
491 1807 569 1876 utile,
584 1806 652 1879 quid
663 1805 775 1864 inutile:
792 1807 851 1865 tuni

58 1907 98 1946 ex
119 1887 233 1945 utilibus
255 1885 323 1959 quid
342 1886 448 1954 utilius,
470 1897 517 1944 ant
536 1885 604 1960 quid
624 1885 747 1944 maxime
772 1886 851 1944 utile.

58 1967 108 2024 De
128 1966 230 2038 quibus
255 1965 346 2023 dicere
374 1965 528 2042 aggrediar,
549 1965 575 2022 si
601 1983 691 2042 pauca
717 1964 795 2041 priua
815 1963 851 2022 de

57 2045 189 2104 instituto
203 2062 236 2100 ac
249 2044 283 2101 de
300 2043 408 2121 judicio
423 2063 487 2102 meo
501 2043 624 2106 dixero.†

102 2123 281 2195 Quamquam
309 2123 384 2181 enim
409 2122 474 2180 libri
498 2123 586 2182 nostri
611 2122 770 2198 complures
792 2141 850 2181 non

59 2200 149 2262 modo
163 2201 198 2259 ed
211 2200 332 2278 legendi,
347 2200 398 2258 sed
412 2202 497 2259 etiam
511 2201 546 2259 ad
565 2201 706 2259 scribendi
726 2201 850 2260 studium

354 2391 519 2442 CHAPTER
534 2390 556 2441 Iv

94 2513 111 2544 ⁸
123 2509 154 2559 lrr
165 2525 210 2574 qrso
236 2510 299 2560 This
308 2516 428 2569 sentence,
437 2509 528 2574 ending
536 2511 641 2558 maxime
647 2502 715 2568 utile,
721 2509 742 2557 is
748 2507 853 2573 thought

59 2577 97 2640 by
109 2573 240 2624 Faeniolati
251 2577 300 2624 and
310 2576 379 2624 other
390 2576 487 2633 editors,
497 2582 522 2623 to
533 2576 563 2622 be
574 2591 606 2623 an
617 2573 792 2636 interpolation.

96 2639 110 2690 †
120 2639 277 2697 Si-dizero,
303 2640 333 2688 et
344 2640 417 2701 (from
428 2642 471 2702 rit)
481 2639 507 2688 in
514 2639 563 2688 this
572 2639 620 2688 and
630 2639 723 2687 similer
731 2652 853 2700 pesseges,

59 2706 84 2754 is
97 2709 140 2752 not
150 2711 176 2752 to
186 2707 215 2752 be
224 2705 370 2753 understood
378 2704 579 2769 hypotheticelly:
596 2703 685 2760 rather,
693 2701 760 2750 when
770 2701 782 2749 1
791 2702 852 2750 have

58 2769 157 2834 'When
168 2785 184 2817 a
194 2768 591 2882 sew“hieQhydiliiiidrirocrtclibus
602 2783 694 2886 almum

194 2897 436 2949 Aurcreextulerit.”
564 2895 622 2944 AEn.
634 2910 655 2943 v.
666 2891 704 2942 64.
714 2892 737 2940 5.

464 2965 499 3019 12
