1984 3276
324 210 416 264 nnn.
435 209 592 265 crnxvr.
652 165 655 172 ¹
811 213 845 268 51

29 369 119 426 sunt
144 357 263 436 generis
277 357 349 434 ejus,
364 355 439 430 quod
453 357 487 414 ab
501 353 597 414 Ennio
611 353 733 432 positum
748 353 777 412 in
792 369 849 412 una

28 446 107 513 re‚*
126 435 282 525 transferri
295 437 325 494 in
339 436 439 493 multas
454 443 556 511 potest.

81 568 215 633 Homo,
230 565 279 640 qui
292 565 393 634 erranti
406 543 523 621 corniter
534 572 669 621 monstrat
678 555 763 631 viani,

80 645 197 721 Quasi
211 641 245 702 de
259 663 311 700 suo
324 643 429 699 lumine
443 642 538 700 lumen
548 641 687 707 accendat,
701 641 775 698 iacit.

82 723 209 798 Nihilo
223 721 316 780 minus
331 719 386 793 ipsi
399 719 482 783 lueet,
496 735 562 774 eum
574 719 616 776 illi
629 717 795 776 accenderit.

81 855 168 913 Una
185 864 267 903 exre
282 841 348 898 eatis
362 843 499 918 praecipit,
513 851 553 911 ut,
568 842 712 916 quidquid,
727 845 788 903 sine
803 845 849 902 de·

33 933 198 995 mmento
209 919 300 995 possit
310 919 491 988 commodari,
503 920 533 978 id
543 921 676 979 tribuatur
684 923 729 979 vel
742 923 847 1000 ignoto.

32 1010 94 1072 Ex
111 1020 182 1077 quo
199 1009 265 1055 sunt
278 997 326 1055 illa
344 999 514 1066 eommunia,
536 1016 593 1056 non
613 1000 760 1075 prohibere
778 1020 849 1074 aqua

37 1083 222 1168 profluente
231 1076 257 1144 ti
276 1077 333 1152 pati
356 1078 390 1134 ab
415 1077 480 1153 igne
505 1078 610 1153 ignem*
626 1095 736 1154 eapere‚
757 1079 849 1151 siqui

35 1164 138 1229 veiit;
165 1155 321 1214 consilium
335 1155 417 1220 fidele
431 1155 593 1213 deliberanti
602 1153 687 1213 dare:
708 1175 770 1228 quae
784 1167 850 1214 sunt

35 1247 79 1303 'rie
88 1238 194 1317 utilia,
213 1233 261 1306 qui
276 1233 433 1309 accipiunt3
449 1233 524 1294 danti
536 1251 592 1290 non
606 1234 735 1292 molesta.
756 1234 848 1300 Quare

39 1320 140 1382 ethis
156 1310 300 1374 utendum
321 1319 372 1378 est,
388 1321 416 1368 et
429 1329 540 1388 semper
556 1311 661 1384 aliquid
675 1311 709 1370 ad
723 1329 849 1369 eommu-

39 1417 115 1458 nem
131 1393 292 1454 utilitatem
306 1389 493 1448 adferendum.
535 1389 594 1446 Sed
614 1391 745 1462 quoniam
760 1390 848 1465 copioe

42 1493 146 1554 parvae
169 1469 349 1546 singulorum
374 1472 473 1542 sunni
492 1486 589 1526 eorum
610 1465 711 1537 aritem,
733 1468 782 1542 qui
801 1468 846 1525 his

43 1560 166 1630 egeant,
190 1547 303 1606 infinita
316 1555 360 1604 est
373 1545 536 1612 multitud0;
558 1547 679 1622 vulgaris
699 1546 847 1606 liberalitas

45 1626 223 1700 referendat
240 1634 284 1682 ert
297 1624 331 1682 ad
344 1623 423 1682 illurn
438 1623 527 1682 Ennii
540 1625 637 1691 finem,
712 1657 716 1664 ·

262 1751 362 1810 Nihilo
375 1750 469 1810 minue
485 1749 540 1827 ipsi
553 1750 645 1820 lucet;

48 1897 82 1948 ut
94 1887 219 1950 facultas
235 1883 283 1952 sit,
298 1883 394 1956 quain
408 1873 534 1956 nostrostl
549 1880 638 1940 simus
651 1878 789 1938 liberales.
834 1939 838 1949 ,

87 2047 103 2078 ⁴*
119 2045 224 2093 Urere.
261 2038 480 2101 Byeneeoenmple.
812 2079 814 2084 .

9 2133 15 2146 ·
51 2157 53 2162 ,
87 2106 185 2170 frique
201 2105 344 2170 profluente.
378 2104 454 2162 Many
471 2100 538 2160 early
556 2099 660 2147 editione
677 2101 738 2148 here
759 2117 847 2167 nquam

51 2171 226 2235 profluentem.
261 2167 320 2214 This
331 2167 430 2227 reading
449 2165 468 2212 it
480 2165 554 2212 iound
566 2165 590 2210 in
603 2166 697 2212 several
708 2165 780 2214 MSS.
797 2167 847 2214 and

57 2236 170 2297 adopted
182 2236 215 2290 by
226 2232 319 2286 Bishnp
333 2229 429 2276 Penrce.

91 2299 103 2354 t
124 2297 207 2359 Capite
224 2307 307 2357 parre
317 2291 466 2353 singulorum
479 2295 550 2342 seer.-
566 2291 604 2338 tire
619 2301 701 2340 meam
717 2291 747 2354 es
760 2290 847 2339 indivi-

58 2357 305 2416 duatrarelimited.
345 2396 349 2404 .
545 2383 547 2390 ι
594 2372 598 2380 «
762 2396 765 2412 ⁴

94 2419 242 2484 §Vulgarir
261 2418 391 2468 liberaliter
408 2417 540 2482 referenda.
559 2447 561 2457 ι
577 2416 624 2466 Tite
644 2432 749 2464 measure
767 2417 849 2481 esertr

64 2481 187 2546 iiberality
195 2484 283 2532 rlrorrld
294 2484 319 2530 be
330 2483 439 2531 bernried
450 2483 523 2544 hythe
535 2479 587 2527 rule
599 2481 629 2543 es
636 2481 736 2530 Ennius.
769 2482 796 2528 ln
806 2481 847 2524 the

65 2548 203 2608 preceding
216 2562 321 2608 passage
333 2562 360 2594 nr
379 2549 433 2593 weil
445 2561 471 2593 as
486 2547 527 2592 the
544 2553 650 2605 preterit,
662 2543 755 2592 te'verel
773 2543 847 2590 MSS.

2 2661 15 2676 ‚
67 2607 224 2656 havetneeat.
295 2615 297 2620 '

104 2667 115 2730 ΙΙ
134 2670 164 2717 ln
182 2677 278 2720 nostroe.
315 2675 356 2721 l'o·
368 2675 436 2721 those
453 2671 617 2732 immediately
637 2669 770 2718 connected
789 2667 847 2714 with

69 2745 106 2778 ur.
762 2747 763 2756 ,
