1984 3276
176 140 214 194 52
454 133 502 193 nn
520 130 672 180 orrrcus.

178 353 267 412 cte.
281 350 376 410 XVII.
401 347 554 413 Societatio
566 344 681 428 gratiae
694 347 805 417 uariae,
830 354 866 408 et
882 348 988 428 officia

217 449 253 488 en
263 429 316 487 tac
330 428 463 487 societate
471 428 684 506 promanantia
698 427 865 487 describere
876 446 986 508 peree-

214 508 324 586 paitar.
480 532 486 536 ·
543 581 544 585 ¹
625 532 628 535 <
878 532 882 536 -

218 660 338 719 Gonnos
352 671 444 727 autem
458 661 553 736 plrues
568 669 633 718 sunt
647 662 787 720 societatis
801 662 980 723 hominurn.

178 740 219 798 Ut
242 741 317 799 enirn
339 742 374 797 ab
398 739 514 818 infinita¹
529 739 576 794 illa
596 733 762 804 discedatur,
784 743 917 816 propior
939 750 980 799 est

179 813 306 894 ejusdem
331 819 432 894 gentis,
453 816 603 883 nationis&
623 815 736 890 linguae,
758 833 822 893 qua.
843 822 978 877 maxime

180 897 310 954 homines
325 896 540 971 conjunguntur.
580 892 701 950 Interius
722 892 806 966 etiarn
824 904 885 960 est,
903 899 976 971 ejus·

151 987 155 998 '
179 973 244 1035 dem
258 993 322 1031 esse
337 975 466 1031 civitatis.
507 970 599 1030 Multo
619 971 695 1028 enim
715 979 781 1026 sunt
800 970 923 1038 civibus
939 975 974 1031 in-

179 1061 221 1110 ter
245 1071 275 1109 se
289 1052 478 1116 eommunia3
513 1049 614 1114 lorum,
640 1049 712 1116 fana,
736 1047 879 1125 porticus,
912 1053 972 1118 viae,

182 1130 269 1206 leges,
305 1130 379 1206 jura,
399 1128 543 1206 indicia„
568 1127 710 1202 suffragia,
746 1129 972 1188 consuetudines

180 1211 313 1285 preterea
332 1218 360 1265 et
377 1207 589 1274 familiaritates,
610 1205 761 1276 multisque
782 1223 850 1263 eum
875 1209 970 1265 multis

181 1305 227 1348 res
242 1284 417 1359 rationesque
432 1283 603 1345 eontractae.†
622 1284 733 1341 Arctior
742 1282 970 1363 vero'colligatio

181 1374 225 1424 est
240 1361 385 1424 'societatis
405 1364 638 1443 propinquorum.
679 1361 724 1421 Ab
744 1362 792 1422 illa
809 1365 906 1433 ,enim
926 1367 971 1424 im·

445 1569 604 1650 cflsrrsslt
620 1569 699 1620 XVII.
793 1586 795 1596 ’

215 1719 227 1745 “
246 1715 336 1778 Gentis,
352 1717 466 1767 notionis.
499 1716 558 1765 Men
576 1717 605 1763 os
625 1717 667 1762 the
683 1728 751 1763 seme
767 1730 826 1764 rues
843 1731 873 1763 or
891 1719 966 1778 stocl,

183 1781 274 1841 tliooglr
287 1790 330 1830 not
347 1781 482 1828 connected
494 1782 527 1839 by
544 1795 591 1839 any
610 1780 718 1840 politicul
738 1780 792 1840 ties,
806 1795 849 1828 are
862 1781 965 1844 ejusdem

180 1844 267 1905 gentis.
298 1844 375 1891 ‚ltaliav
393 1857 519 1903 expresses
530 1844 691 1900 eputtlculor
702 1845 797 1903 people.
830 1844 964 1906 Dumesnil,

185 1907 319 1966 Synonym.
331 1909 386 1957 871.
419 1909 471 1954 Τὴο
480 1905 620 1951 distinction
632 1907 652 1953 is
665 1909 736 1953 mode
747 1908 845 1954 erident
854 1912 886 1968 by
896 1911 964 1957 'saci-

183 1977 231 2027 tus,
241 1969 323 2013 Germ.
335 1984 356 2016 c.
364 1972 387 2016 2.
412 1971 428 1998 “
439 1968 484 2021 Qui
494 1968 597 2026 primunr
606 1970 709 2017 Rhenim
719 1973 872 2033 transgressi,
880 1974 961 2020 Gallos

183 2031 330 2090 expulerint,
341 2047 371 2078 ae
387 2047 452 2079 nuno
468 2032 570 2091 Tungri,
581 2041 639 2081 tune
656 2036 773 2081 Germani
790 2037 869 2083 vocati
889 2045 958 2094 sunt5

183 2094 218 2140 its
234 2095 338 2140 nationis
361 2110 458 2154 nomen,
478 2097 630 2159 nongentis,
648 2098 766 2146 evoluisse
782 2099 918 2161 paullatim,
935 2107 958 2147 ut

183 2171 268 2203 omnes
280 2158 395 2204 Germani
407 2160 576 2221 vocarentur?
610 2184 613 2202 ι
777 2205 779 2210 .

214 2224 235 2274 t
244 2220 288 2268 Res
297 2222 444 2285 rationesque
454 2226 586 2275 eontracta.
618 2224 775 2272 ASelroliost
783 2240 815 2271 on
826 2240 871 2274 one
882 2229 912 2275 os
919 2229 955 2273 the

184 2282 257 2330 MSS.
269 2286 328 2330 used
347 2288 379 2345 by
398 2289 439 2333 the
459 2287 608 2347 Heusingers
620 2290 675 2334 thus
693 2288 877 2349 distinguishes:
896 2292 953 2338 Con·

183 2349 271 2396 tractae
281 2347 458 2413 qitondoqaefit
470 2348 514 2408 rei,
524 2351 666 2414 quandoque
682 2351 788 2399 rationis.
812 2352 853 2399 tat
863 2368 914 2402 eam
922 2352 953 2418 fit

183 2410 293 2459 venditio.
330 2413 445 2473 Rationis,
460 2427 513 2460 cant
524 2414 566 2460 hoe
582 2415 658 2474 modo,
669 2414 727 2462 atsi
743 2415 786 2462 liae
795 2415 885 2478 ferora,
896 2418 950 2464 dabo

182 2475 226 2525 tibi
237 2480 329 2523 raretum
337 2476 427 2524 solidos.
463 2476 601 2525 Contractus
612 2484 643 2528 est
652 2479 714 2525 altro
725 2479 827 2542 citroque
835 2479 949 2542 obligatio·

182 2554 236 2588 nera
249 2540 352 2602 pariens.
386 2543 422 2588 On
436 2541 505 2587 other
516 2543 642 2588 occasions
655 2542 741 2588 Cicero
753 2543 772 2588 is
786 2544 856 2588 sound
867 2552 889 2589 to
896 2543 946 2605 jain

182 2606 250 2650 these
260 2611 332 2652 terius
342 2606 400 2652 used
410 2605 433 2650 ln
444 2604 530 2662 nlegul
541 2619 620 2652 sense.
638 2606 686 2651 Pro
696 2606 791 2659 Quinct.
802 2609 852 2653 no.
875 2610 890 2635 ⁴‘
898 2607 946 2654 Nisi

182 2667 248 2726 prius
255 2669 284 2714 de
292 2671 362 2716 rebus
372 2668 552 2725 rationibusque
560 2669 797 2715 societotlsomnibus
806 2668 945 2717 decidisset?

183 2729 231 2775 Pro
244 2731 338 2780 cluent.
347 2747 368 2780 e.
380 2733 418 2778 14.
435 2733 465 2782 ,“
476 2730 538 2776 Cum
549 2731 591 2779 lllo
603 2747 674 2780 nemo
684 2731 740 2795 jam
751 2733 873 2795 rationem,
881 2748 944 2782 neno

181 2804 234 2839 reru
244 2795 318 2843 ulloni
334 2791 519 2844 contrahebat.'’
794 2796 795 2799 ’
