1970 3278
313 208 379 258 Lm.
388 210 408 258 1.
428 209 586 260 CARXXI.
800 211 837 266 65

13 393 14 400 .
54 350 251 427 magistratum
272 350 308 408 iis
322 371 378 410 non
390 351 474 412 modo
485 371 542 411 non
555 350 746 418 laudi,venrm
758 352 840 409 etiarn

12 409 16 448 ¹
56 429 129 487 vitio
157 429 279 486 dandum
306 441 383 505 puto.
423 432 550 497 Quorum
573 429 712 506 judicium
739 431 769 487 in
796 449 841 498 eo,

56 506 136 580 quod
150 507 269 583 gloriam
287 519 474 577 oontemnant,
495 519 524 566 et
544 528 596 584 pro
621 509 714 566 nihilo
736 518 842 581 putent,

12 645 14 656 Α
57 585 175 643 difficile
184 585 310 642 factuest
318 605 374 644 non
384 588 514 661 probare:
537 587 586 643 sed
597 586 725 642 videntur
734 587 842 644 labores

11 665 14 702 ¹
57 673 88 721 et
98 663 254 730 molestias,
262 673 321 720 tum
330 664 536 722 offensionum*
545 674 573 721 et
583 664 755 738 repulsarum
764 665 844 736 quasi

11 745 13 782 t
60 741 213 814 quamdam
227 742 409 816 ignominiam
424 743 520 800 timere
534 751 562 799 et
581 743 734 800 infamiam.
774 743 846 799 Sunt

62 819 152 886 enim,
167 820 216 890 qui
230 819 259 876 in
273 821 355 876 rebus
367 821 510 877 contrariis
525 832 622 896 parurn
634 821 688 878 sibi
699 830 844 878 constent:
894 843 897 849 ·

60 897 236 972 voluptatem
250 898 429 954 severissime
443 907 631 964 contemnant,
641 899 671 954 in
682 897 777 956 dolore
791 899 849 956 sint

10 985 11 1014 r
64 974 229 1032 molliores:
252 975 368 1051 gloriam
381 975 532 1052 negligant,
547 975 705 1051 frangantur
717 975 845 1033 infamia:

10 1061 11 1068 ’
65 1061 150 1125 atque
161 1071 196 1110 ea
207 1053 321 1126 quidem
334 1054 471 1112 nonsatis
485 1063 653 1111 constanter.
684 1081 686 1088 ν

9 1141 10 1174 l
105 1129 164 1192 sed
183 1131 229 1199 iis,
245 1132 293 1204 qui
313 1132 445 1190 habenta
459 1141 555 1190 natura
574 1132 734 1207 adjumenta
756 1151 849 1190 rerum

67 1209 262 1288 gerendarum,
292 1210 399 1286 abjecta
425 1211 503 1270 omni
531 1209 714 1276 cunctatione,
748 1211 849 1286 adipis-

66 1287 150 1346 cendi
164 1289 351 1364 magistratus,
363 1297 391 1345 et
402 1287 523 1364 gerenda
533 1306 577 1345 res
591 1287 702 1363 publiea
713 1297 765 1345 est.
787 1287 850 1346 Neo

8 1387 9 1390 ¹
67 1364 233 1422 enim'aliter
242 1375 288 1422 aut
297 1368 354 1442 regi
364 1367 472 1432 civitas,
485 1375 532 1422 aut
539 1365 670 1422 declarari
682 1367 767 1423 animi
776 1385 851 1442 mag·

68 1441 168 1500 nitbdo
188 1452 288 1516 potest.
329 1443 549 1519 Capessentibus
571 1453 663 1503 autern
682 1461 741 1501 rem
762 1445 851 1520 publi·

71 1536 135 1574 cam
155 1518 244 1590 nihilo
259 1520 362 1586 minus,
383 1539 467 1591 quarn
487 1521 675 1595 philosophis,
696 1521 852 1592 haudscio

71 1613 110 1652 an
123 1593 213 1668 magis
234 1595 327 1660 etiarn,
342 1605 371 1652 et
393 1597 609 1671 magnificentia,
625 1607 653 1652 et
673 1595 854 1671 despicientia

73 1670 231 1730 adhibenda
244 1671 281 1727 sit
291 1689 383 1728 rerum
396 1673 590 1736 humanarum,
600 1691 682 1743 quarn
695 1691 769 1746 saepe
781 1673 853 1740 dico,

73 1759 103 1808 et
122 1749 303 1822 tranquillitas
325 1749 411 1806 animi
432 1759 513 1822 atque
534 1749 681 1806 securitas:
698 1749 728 1812 ,si
743 1750 855 1822 quidem

73 1847 127 1890 nec
141 1827 218 1886 anxii
231 1827 316 1886 futuri
337 1836 411 1896 sunt,
427 1840 455 1885 et
478 1845 542 1888 cum
565 1827 707 1904 gravitate,
730 1838 856 1887 constan·

105 1972 121 2006 *
138 1969 309 2034 offensionum.
324 1969 518 2020 Commentators
535 1968 605 2018 differ
619 1969 646 2017 in
661 1969 702 2018 the
718 1969 856 2034 interpreta-

74 2037 126 2086 tion
140 2042 165 2084 to
184 2036 213 2083 be
230 2036 303 2101 given
318 2035 368 2083 this
386 2035 459 2084 word.
493 2033 524 2084 In
539 2035 580 2084 the
591 2035 713 2098 'ordinary
730 2036 778 2084 and
793 2043 857 2086 most

72 2100 174 2151 obvious
185 2115 254 2148 sense
264 2101 294 2148 of
305 2100 411 2162 osismos,
423 2099 539 2163 quaerela,
556 2116 588 2148 no
603 2099 738 2164 ignominy‚
749 2107 775 2149 at
789 2101 858 2162 least,

75 2181 122 2216 cau
133 2165 213 2214 attach
225 2181 256 2213 on
267 2166 341 2214 these.
367 2165 421 2213 The
428 2166 485 2214 verb
495 2164 611 2226 estendere
618 2165 646 2222 is,
655 2165 773 2225 however,
781 2183 857 2215 some-

75 2231 147 2280 times
166 2230 293 2294 employed
310 2230 342 2294 by
356 2229 442 2278 Cicero
460 2229 486 2278 in
508 2229 548 2278 the
571 2245 640 2278 sense
662 2230 692 2277 of
712 2231 754 2278 the
775 2231 857 2280 Greek

75 2295 244 2364 argerepobear,
251 2294 396 2356 ametaphor
407 2295 480 2343 talien
488 2292 551 2342 from
563 2294 730 2356 impedimenta
741 2301 766 2343 to
773 2295 858 2344 travel-

77 2363 120 2426 ing
131 2377 163 2408 on
174 2377 190 2408 a
200 2359 294 2424 rugged
305 2359 374 2415 roarl3
389 2359 416 2406 in
427 2359 468 2408 the
485 2374 554 2406 sense
565 2359 594 2406 of
605 2357 698 2417 feilure,
713 2358 858 2422 disappoint-

77 2432 144 2474 ment
152 2424 179 2472 in
195 2423 319 2488 obtaining
330 2423 371 2472 tlre
382 2424 460 2488 object
470 2423 565 2488 sought.
597 2423 659 2470 This
670 2423 692 2470 is
703 2424 817 2487 probably
828 2423 860 2472 its

78 2495 174 2552 present
193 2489 315 2552 meaning.
347 2487 395 2535 Pro
415 2489 510 2536 Cluent.
522 2503 542 2535 c.
553 2487 592 2545 25,
601 2487 687 2536 Cicero
703 2488 810 2550 employa
826 2487 859 2550 os-

74 2554 222 2617 sensionem:
239 2554 286 2602 and
297 2553 345 2600 Pro
360 2551 442 2600 Plano.
453 2558 467 2580 ‘⁶
476 2551 695 2612 ffleaeiuoculam?
712 2549 748 2598 for
758 2549 860 2613 repulse.

81 2617 204 2682 ProLege
218 2618 303 2666 Manil.
315 2633 336 2664 c.
347 2617 370 2664 9.
402 2617 516 2664 “Hicin
536 2615 588 2680 ipso
605 2615 646 2663 illo
666 2613 730 2660 malo
748 2613 860 2676 gravissi-

79 2681 390 2795 bratteata
399 2675 868 2808 ostentamenta

81 2817 141 2866 tum,
155 2808 188 2856 wi
215 2815 258 2856 out
273 2781 335 2856 cum'
343 2809 480 2872 preceding,
496 2823 523 2856 er
539 2815 590 2855 tam
605 2801 744 2865 following3
760 2803 807 2854 Aa
819 2805 860 2856 Di·

83 2889 143 2924 vere
155 2873 195 2922 lib.
206 2889 228 2922 v.
238 2889 275 2935 ep.
287 2872 324 2921 1³.
335 2871 375 2923 lib
386 2873 436 2921 xiii.
447 2887 484 2932 ep.
492 2872 530 2920 4³.
541 2871 589 2919 end
599 2865 734 2917 elsewhere.

366 2938 486 2991 ,ου
