1978 3268
344 219 407 270 nin.
417 217 463 268 111.
480 217 552 279 GAP.
563 218 620 270 ΧΠ.
818 217 878 278 245
979 261 980 264 ,

82 360 202 422 silentio
211 379 295 422 suum
308 379 393 436 quem
406 363 528 440 plurimo
541 359 724 422 venditurus!
756 359 862 428 Sepien

82 441 141 500 te'm
152 451 181 499 et
193 442 299 500 bonum
313 441 406 498 virum
425 442 578 519 fingimus:
601 441 636 500 de
656 441 718 518 ejus
739 435 873 500 delibero·

82 521 160 578 tione
187 530 215 580 et
241 519 445 578 consultatione
470 521 636 592 quaerimus:
665 521 714 593 qui
733 519 873 578 celaturus

84 597 216 657 Rhodios
230 617 289 656 non
303 598 350 665 sit,
365 597 391 654 si
404 595 434 672 id
447 606 527 675 turpe
543 599 669 675 judicet;
690 597 742 656 sed
755 597 872 667 dubitet,

83 696 120 735 an
134 687 214 754 turpe
225 695 284 735 non
298 677 344 733 sit.
543 685 547 693 '

123 755 158 814 In
170 753 336 832 hujusmodi
347 753 464 823 caussis,
476 753 552 812 eliud
565 752 688 832 Diogeni
696 754 874 832 Babylonio*

79 834 173 893 videri
196 833 277 901 solet,
297 851 401 910 magno
421 843 450 891 et
468 834 546 910 gravi
568 833 679 893 Stoico:
702 833 778 892 aliud
796 835 876 894 nnti-
928 877 934 896 ι

84 912 192 990 patro,†
205 903 346 990 discipulo
366 913 437 990 ejus,
453 911 563 972 homiui
583 912 756 974 acutissimo.
796 914 875 972 Anti·

85 1001 177 1070 patro‚
199 991 295 1054 omnia
313 991 530 1068 patefaciends‚‡
550 1001 631 1050 utne
656 987 724 1064 quid
748 992 875 1060 omnino,

86 1069 164 1142 quod
177 1070 303 1130 venditor
310 1071 394 1139 norit,
401 1079 491 1130 emtor
500 1072 630 1149 ignoret:
652 1070 794 1148 Diog‘eni3
809 1085 876 1128 ven·

85 1149 215 1218 ditorenr,
243 1168 298 1222 qua
323 1159 404 1207 tenus
425 1150 490 1226 jure
517 1151 594 1207 civili
621 1151 803 1208 constitutum
828 1149 874 1215 sit,

86 1226 180 1286 dicere
194 1229 261 1286 vitia
274 1239 414 1308 oportere,
429 1239 522 1285 cetera
534 1229 596 1286 sine
607 1227 719 1285 insidiis
733 1247 832 1306 agerer
848 1239 876 1285 et

86 1305 219 1378 quoniam
246 1306 358 1373 vendat,
386 1305 458 1362 velle
486 1324 571 1376 quarn
606 1306 713 1380 optime
744 1307 875 1364 vendere.

86 1383 208 1453 Adverti,
233 1384 364 1460 exposui,
386 1383 478 1440 vendo
500 1401 595 1440 meum
608 1401 665 1440 non
678 1382 777 1458 pluris,
792 1403 876 1456 quam

86 1463 183 1528 ceteri,
211 1462 328 1519 sortasse
355 1462 440 1518 etiam
467 1461 596 1528 minoris,
624 1478 690 1518 cum
717 1462 807 1538 moJor
833 1471 877 1518 est
979 1473 980 1478 ’

86 1540 197 1616 copia,§
212 1541 257 1596 cui
271 1539 303 1595 fit
316 1539 435 1614 injuriat

127 1617 274 1676 Exoritur
287 1616 428 1691 Antipatri
446 1616 517 1680 ratio
530 1634 568 1674 ex
581 1615 666 1674 sitem
678 1625 774 1692 parte:
801 1615 877 1682 Quid

87 1697 149 1758 aiot
190 1695 238 1754 Tu
259 1713 325 1758 cum
354 1695 516 1756 hominibus
543 1695 690 1752 consulere
715 1693 878 1762 debeos‚·et

87 1775 194 1834 servire
216 1774 345 1832 humanae
360 1773 497 1841 societati,
511 1790 599 1845 eoque
612 1772 674 1850 lege
689 1781 770 1830 notus
784 1771 835 1840 sis,
850 1781 879 1829 et

88 1873 123 1912 ea
135 1854 239 1925 habeus
250 1851 393 1929 principio
406 1861 521 1919 nature,
536 1852 637 1923 quibus
651 1869 759 1928 parere,
774 1859 802 1911 et
815 1867 877 1922 quae

88 1933 170 2006 sequi
189 1931 302 2000 debeas,
316 1939 348 1989 ut
360 1930 465 2002 utilitas
480 1939 527 1988 tua
540 1929 699 1992 communis
713 1929 751 1988 sit
763 1929 878 1994 utilitas,

87 2011 271 2083 vicissimque
298 2010 457 2068 communis
484 2009 589 2069 utilitas
614 2017 661 2067 trio
687 2008 741 2078 εἰει
774 2007 877 2066 celabis

87 2089 230 2157 homines,
256 2088 322 2162 quid
348 2089 383 2145 iis
407 2087 478 2146 adsit
498 2087 703 2146 commoditatis
717 2095 746 2146 et
766 2086 878 2165 copiaei
979 2099 980 2106 ’

88 2167 285 2244 Respondebit
302 2167 447 2243 Diogenes
460 2166 579 2232 ,sortasse
599 2167 656 2228 sic:
678 2167 764 2230 Aliud
777 2177 821 2230 est
832 2185 879 2228 cs·

118 2376 136 2409 ἕ
148 2373 256 2440 Diogeni
272 2372 409 2440 Babylonio.
440 2374 465 2424 A
480 2374 546 2424 Stoic
557 2372 587 2423 of
597 2373 774 2441 distinguished
785 2380 879 2438 repute-

88 2439 148 2500 tion,
157 2441 217 2489 born
228 2445 254 2489 ut
269 2440 386 2500 seleucis„
397 2441 440 2490 but
448 2439 525 2488 culled
534 2439 692 2504 Babylonico,
700 2457 733 2490 on
744 2439 847 2490 eccount
855 2439 885 2491 oi'

88 2506 130 2554 the
140 2504 243 2571 vicinity
252 2505 282 2554 of
292 2505 333 2555 the
344 2511 393 2555 two
404 2504 480 2554 citios.

8 2621 13 2634 ,
121 2569 208 2624 Meti
240 2577 283 2619 tro.
315 2570 378 2619 This
400 2569 594 2634 philosopharis
615 2567 794 2634 distinguished
815 2585 880 2620 ese

89 2636 197 2685 nativeo
220 2635 321 2684 Tarsus.
352 2634 453 2684 Cotoof
464 2635 537 2684 Utico
547 2632 767 2696 wcshisdieciple.

123 2699 330 2763 iPctesociendo.
368 2699 500 2756 Videndum
516 2699 668 2750 understood·
979 2729 980 2732 =

122 2765 229 2828 §Major
244 2771 280 2812 eet
297 2765 372 2829 cepio.
405 2762 442 2812 Ar
460 2762 498 2811 the
515 2763 626 2827 quantity
641 2763 668 2810 in
686 2761 728 2810 the
745 2759 880 2818 merketr‘o

123 2837 195 2886 soter.
227 2829 360 2894 Hottinger
379 2827 514 2885 mucleto.
531 2841 561 2882 os
579 2825 617 2876 the
635 2825 744 2895 pwntity
765 2826 846 2883 which
866 2829 880 2885 1

87 2845 301 2960 hieehgreaor.
465 2955 521 3013 w
