1970 3272
330 255 389 304 ΗΒ.
402 257 431 304 ll.
449 254 523 304 CAP.
534 254 598 304 XlX.
799 257 853 312 185

70 475 161 534 ΟΑΡ.
178 475 259 533 XIX.
285 474 456 545 Qrtoenomo
487 477 532 534 eia
545 477 604 534 rint
618 471 798 534 observando
808 471 854 532 itti

206 555 258 632 qm·
269 553 355 632 operd
373 476 649 630 haesitatorem
664 561 715 611 ert.

108 711 184 778 Qum
212 719 305 766 autem
332 727 426 784 opera,
455 727 512 766 non
539 709 695 785 largitione,
716 711 854 770 beneficia

67 789 178 854 dantur,
193 788 254 845 haec
273 795 331 843 tum
347 788 376 843 in
390 787 547 844 universam
560 805 618 846 rem
632 789 781 864 publicam,
794 801 852 847 tum

65 869 98 924 in
113 865 240 940 singulos
261 864 336 921 cives
356 864 543 922 conseruntur.
587 867 662 923 Nam
677 867 706 924 in
725 868 789 943 jure
810 887 855 923 ea·

67 947 164 1009 vere*
178 943 297 1001 coasilio
312 943 421 1019 jurare,
437 953 518 1015 atque
532 945 587 1001 hoc
597 945 730 1020 ‚scientis
751 963 853 1020 genere

66 1020 205 1098 prodesse
225 1039 308 1093 quam
329 1021 467 1097 plurimis,
483 1022 664 1079 vehementer
680 1033 709 1080 et
729 1023 763 1080 ad
783 1041 853 1099 opes

66 1099 208 1177 augendas
233 1099 362 1176 pertinet,
388 1109 417 1157 et
440 1099 474 1156 ad
502 1101 626 1176 gratiam.
667 1099 765 1172 ltaque
787 1119 852 1158 cum

65 1179 155 1236 multa
168 1179 299 1254 preclare
311 1180 459 1255 maJ'orum,
471 1188 530 1235 tum
545 1177 619 1250 quod
633 1178 739 1252 optime
751 1179 853 1236 eonsti-

65 1258 119 1314 tuti
125 1257 198 1334 juris
212 1256 303 1314 civilis
315 1275 427 1314 summo
442 1275 554 1330 semper
568 1257 596 1312 in
609 1255 715 1312 honore
727 1256 779 1313 t'uit
789 1275 853 1332 cog·

66 1336 138 1393 nitio
152 1345 233 1406 atque
247 1335 454 1411 interpretatio:
477 1352 559 1406 quam
575 1332 688 1404 quidem
702 1342 766 1390 unte
780 1334 852 1391 hanc

66 1413 262 1471 eontirsicnem
283 1422 441 1489 temporum
462 1411 491 1468 in
512 1411 693 1486 possessione
714 1429 765 1467 sua
779 1413 853 1487 prin·

66 1493 145 1567 cipes
156 1491 346 1549 retinuerunt:
368 1507 443 1548 nune
455 1499 485 1546 ut
497 1490 630 1554 honores,
641 1498 673 1544 ut
683 1507 782 1545 omnes
794 1489 853 1564 dig·

65 1569 160 1628 nitatis
175 1569 286 1645 gradus,
301 1569 343 1626 sie
357 1567 441 1642 hujus
462 1567 586 1623 soientiae
600 1565 733 1640 splendor
745 1565 852 1621 deletus

66 1657 127 1706 est:
149 1646 234 1719 idque
260 1665 295 1705 eo
315 1645 468 1721 indignius,
490 1643 565 1714 quod
585 1661 620 1699 eo
645 1652 770 1716 tempore
798 1642 852 1699 hoc

67 1726 194 1802 contigit,
221 1743 286 1783 cum
313 1725 338 1782 is
359 1721 459 1788 esseut
483 1721 531 1792 qui
556 1737 655 1776 omnes
680 1719 852 1793 superiores,

67 1805 169 1876 quibus
183 1803 293 1860 honore
316 1819 366 1878 par
387 1808 472 1866 esset,
487 1797 605 1854 scientia
624 1795 705 1852 saeile
729 1795 853 1854 vicisset.

68 1882 140 1940 Haee
162 1881 247 1956 igitur
271 1897 365 1954 opera,
381 1889 457 1955 grata
480 1875 585 1944 multis,
600 1885 628 1932 et
649 1873 684 1932 ad
708 1874 853 1934 beneficiis

66 1957 282 2032 obstringendos
296 1957 426 2014 homines
440 1952 658 2013 accommodata.

106 2037 200 2107 Atque
213 2034 280 2092 huie
294 2035 345 2091 arti
359 2035 477 2092 finitima
491 2043 535 2090 est
553 2031 664 2092 dicendi
684 2032 794 2108 murier
814 2032 852 2092 sa·

66 2115 166 2182 cultas,
183 2110 228 2191 [et
244 2111 362 2190 gratior]
383 2123 411 2170 et
431 2113 562 2170 ornatior.
602 2110 679 2177 Quid
698 2111 775 2169 eninr
795 2112 852 2171 elo-

4 2251 5 2256 ,
66 2193 182 2268 quentia
200 2189 396 2270 prestabilius,
410 2191 455 2247 vel
475 2187 656 2247 admiratione
670 2188 852 2257 audientium,

334 2373 497 2426 CHAPTER
511 2373 579 2430 xtx„

98 2527 122 2600 θ·
131 2524 163 2572 [τι
168 2525 338 2601 Ῑτιτειταυιττοτ
355 2528 378 2570 to
393 2519 494 2570 conduct
505 2517 543 2596 tlte
555 2519 651 2632 ἀτίετος
667 2520 696 2584 ο]
707 2536 723 2569 o
739 2519 852 2569 larem.

66 2589 239 2644 Jurrsconsultr
255 2588 310 2637 clus
326 2593 417 2645 casem,
427 2601 485 2634 cum
502 2601 552 2634 stus
568 2599 582 2636 c
601 2585 697 2633 entibus
712 2601 742 2634 se
757 2600 852 2647 respon-

67 2653 235 2769 ‹Fleargtglplppibus
257 2653 374 2738 domnum
396 2651 491 2714 aliquod
513 2649 622 2699 firturum
638 2647 732 2697 emoliri
755 2649 854 2710 possint.

102 2785 112 2836 l
125 2781 188 2830 Ottm
199 2782 223 2828 is
232 2788 299 2829 esset.
315 2779 414 2828 Servius
425 2777 549 2842 Sulpicius
559 2775 647 2834 Rufius,
658 2772 741 2824 consul
749 2775 779 2822 Α.
786 2775 816 2840 U.
824 2776 852 2824 C.

69 2849 116 2899 702
126 2864 133 2906 ς
148 2862 181 2895 su
192 2844 300 2894 eminent
310 2843 471 2900 'urisconsult
479 2843 504 2889 is
514 2840 665 2903 supposedto
675 2840 704 2888 be
715 2839 756 2888 tlte
767 2855 853 2902 person

69 2915 127 2964 herc
138 2917 227 2962 meent.
260 2911 291 2960 Α.
299 2861 393 2958 dellius
405 2906 492 3030 (lillapi.
503 2921 524 2954 c.
536 2904 584 2965 10.)
596 2905 683 2967 speaks
693 2903 722 2953 os
728 2903 767 2953 his
775 2906 852 2954 merit
