1984 3276
344 208 409 258 LIB.
421 210 441 258 Ι.
459 207 535 258 GAP.
548 209 568 258 1.
832 210 850 262 ³

59 350 212 429 praeceptis
227 351 415 424 institutisque
436 349 635 428 philosophie,
649 355 762 425 propter
775 365 851 406 eum·

60 450 140 488 mam
155 441 183 488 et
203 429 326 489 ductoria
346 432 545 498 auctoritatem,
567 438 595 486 et
614 429 709 495 urbia;
731 444 849 500 quorum

60 509 132 566 alter
159 517 187 566 te
208 509 325 569 scientia
344 495 445 586 augaria
466 513 568 584 potest,
586 508 671 573 altera
689 505 848 582 exemplis:

61 599 168 652 tamen,
183 597 215 644 ut
234 587 296 662 ipse
315 587 352 644 ad
373 606 465 644 meam
485 587 631 664 utilitatem
652 601 765 660 semper
784 601 849 640 eum

64 665 178 723 Giaeeis
192 665 291 722 Latina
311 666 456 742 conjunxi,
473 661 569 737 ‘ireque
584 665 613 722 id
627 665 656 721 in
670 662 851 739 philoaophia

47 739 167 810 'solum‚
183 743 331 800 sedetiam
346 743 502 801 indicendi
517 743 715 809 exercitatione
729 740 801 808 leci3
820 738 849 797 id

60 822 113 880 tibi
128 839 232 880 censeo
247 819 417 890 faciundum,
429 834 460 880 ut
471 839 521 898 par
534 822 575 878 sia
589 822 618 878 in
632 821 775 892 utriusque
790 837 849 876 ora·

60 899 168 958 tionis*
181 900 318 958 facultate.
339 923 341 928 ¹
369 901 460 966 Quam
482 899 595 972 quidem
610 898 644 956 ad
657 915 727 966 tem,
742 915 804 964 nos,
819 905 851 954 ut

61 978 201 1046 videmur,
216 996 349 1054 maguum
364 979 506 1038 attulimus
521 977 716 1054 adjumentum.
728 973 850 1042 homini,

60 1058 115 1114 bue
143 1057 255 1126 nostris,
281 1067 392 1115 utnon
412 1055 496 1114 modo
518 1057 680 1114 Graecarum
704 1054 849 1130 ,literarum

61 1133 157 1202 rudes,
171 1135 222 1193 sed
236 1131 326 1195 etiam·
341 1135 425 1204 docti,
446 1135 617 1208 aliquantum
636 1141 666 1190 a‘e
686 1133 850 1192 arbitrentur

62 1213 179 1290 adeptus
194 1223 222 1272 et
235 1213 270 1272 ad
284 1211 444 1280 dicendum,
459 1221 488 1270 et
501 1212 535 1270 ad
545 1211 738 1288 judicandum.

101 1292 193 1358 Quam
208 1294 244 1351 ub
258 1311 317 1350 reru
336 1291 428 1350 diseea
449 1301 479 1348 tu
499 1290 613 1374 quidem
627 1309 644 1347 a
657 1290 784 1367 principe
798 1287 859 1346 hu··

59 1369 107 1445 jus
133 1371 220 1428 etatis
240 1371 489 1447 philosophorum,
518 1379 546 1426 et
567 1367 670 1436 disces,
694 1385 777 1441 quam
797 1365 849 1424 diu
891 1399 897 1412 ·

63 1448 161 1513 volan
181 1460 237 1516 tam
260 1447 308 1504 diu
329 1459 421 1506 autem
444 1447 516 1505 velle
541 1445 666 1514 debebis,
691 1444 784 1518 quoad
806 1451 848 1514 te,

64 1532 198 1594 quantum
220 1525 441 1598 profioias‚‚non
462 1525 631 1601 poenitebit.†
671 1523 728 1580 S'ed
755 1533 849 1580 tamen

64 1609 159 1659 nostra
168 1599 275 1676 legens,
288 1620 345 1658 non
355 1603 473 1660 multum
483 1601 701 1680 aPeripatetieis
712 1600 849 1658 dieeid'en-

63 1679 111 1744 tia,
126 1681 259 1750 quoniam
274 1679 383 1750 utrique
398 1688 426 1734 et
438 1679 616 1738 Socratici'et
631 1678 771 1743 Platauiei
784 1694 848 1734 esee

62 1757 192 1816 volumus
203 1760 229 1831 ;‡
249 1755 297 1835 (de
311 1758 393 1814 rebus
408 1756 480 1836 ipsis
493 1765 571 1814 utere
585 1765 633 1835 tuo
644 1754 762 1832 judicio,
777 1755 849 1814 nihil
893 1827 896 1836 1

93 1931 146 1979 The
164 1932 233 1992 pupil
246 1925 351 1992 appears
362 1939 387 1979 ta
400 1932 461 1980 liare
473 1931 537 1980 lived
554 1946 585 1978 on
602 1929 759 1980 confidential
773 1939 848 1980 terme

62 1995 119 2044 with
133 1996 169 2042 hia
182 1997 380 2044 instructer.-ln
392 2012 408 2043 a
417 1990 491 2044 letter
499 1997 577 2043 ulrich
589 1997 633 2044 hat
645 1998 706 2044 been
719 1996 847 2058 preserved

61 2061 124 2107 from
135 2061 176 2106 the
187 2061 288 2120 tormer,
299 2061 329 2106 lte
342 2075 408 2121 seyr,
421 2061 540 2122 Cratippo
551 2075 591 2107 me
605 2060 666 2107 seito
678 2073 726 2114 non
739 2069 764 2108 ut
776 2060 847 2108 diaci·

60 2124 155 2184 pulum,
166 2125 209 2170 aed
225 2132 252 2170 ut
263 2124 341 2170 tilium
351 2139 405 2172 eaae
417 2124 650 2186 conjunctiaamuru:
667 2139 725 2174 nem
736 2139 791 2172 cum
804 2137 847 2170 au-

59 2187 101 2234 dio
120 2188 186 2234 illurn
198 2187 310 2247 libenter,
328 2195 380 2235 tum
398 2186 473 2235 etiam
489 2187 541 2249 ejua
558 2189 684 2248 proprium
702 2189 846 2239 suavitatem

7 2293 8 2297 ,
59 2252 215 2300 veliementer
227 2251 377 2311 amplector:
395 2267 450 2299 aum
461 2260 524 2298 tutos
539 2253 591 2298 (lien
603 2265 658 2298 uum
670 2266 708 2310 ee,
720 2252 846 2311 flectitque

59 2315 639 2442 wellllillqrtlepeurlllillltie—Elllulllllitttxrgletila,
648 2378 744 2426 ancient
754 2393 782 2426 aa
791 2377 845 2426 vell

1 2450 8 2476 t
59 2457 88 2490 ea
107 2445 217 2494 modern.
238 2443 401 2503 apply·tlreae
421 2444 500 2490 worda
523 2451 548 2490 to
570 2445 611 2490 the
631 2451 678 2489 two
701 2443 845 2504 lunguagee,

59 2505 143 2554 Greek
155 2509 204 2553 and
216 2507 305 2565 Latin;
322 2508 413 2568 others,
425 2508 481 2554 with
500 2509 578 2554 better
593 2520 690 2567 reason,
701 2513 726 2553 ta
739 2505 844 2554 Pbilueu·

54 2571 116 2634 pbiu
127 2574 148 2619 et
159 2569 254 2621 dicendi
265 2569 409 2618 exercitatio.
441 2571 494 2617 'l'he
505 2578 566 2616 next·
575 2577 690 2618 sentence
702 2583 807 2629 appear·
818 2576 844 2616 to

1 2680 4 2694 7
60 2637 132 2681 make
148 2635 196 2682 thia
216 2634 434 2682 cuidant-Cicero
453 2635 629 2694 there-speaks
642 2635 671 2680 os
683 2635 724 2679 tlte
742 2631 843 2678 benefitr

59 2697 139 2744 which
151 2695 188 2744 nn
200 2708 360 2758 countrymen
373 2699 421 2746 bad
434 2698 531 2744 derived
543 2699 606 2744 irem
618 2697 655 2744 hia
665 2696 799 2754 excutient,
815 2707 843 2744 ιι

59 2761 113 2808 well
125 2761 156 2808 ad
167 2761 292 2810 dicendam
304 2777 332 2808 aa
343 2761 552 2826 adjudicandum.
890 2809 892 2820 ‚

1 2865 3 2874 ,
92 2827 102 2879 l
118 2824 398 2888 Quartum-paenitebit.
413 2826 447 2874 Aa
458 2825 516 2888 long
526 2837 659 2890 peperere
670 2818 773 2885 suffiae
782 2820 841 2873 wilt

55 2901 182 2950 yuuruaan
193 2887 368 2950 improvement„
558 2898 562 2906 ’

92 2955 102 3009 t
122 2946 243 3002 Volumus.
268 2954 401 3014 Cratippus
420 2966 470 2999 was
491 2952 521 2999 os
537 2951 578 2997 tlte
597 2947 744 3009 Peripatetic
767 2949 841 3010 Secu
