<?xml version="1.0" encoding="UTF-8"?>
<!DOCTYPE html PUBLIC "-//W3C//DTD XHTML 1.0 Transitional//EN"
    "http://www.w3.org/TR/xhtml1/DTD/xhtml1-transitional.dtd">
<html xmlns="http://www.w3.org/1999/xhtml" xml:lang="en" lang="en">
 <head>
  <title>
</title>
<meta http-equiv="Content-Type" content="text/html;charset=utf-8" />
  <meta name='ocr-system' content='tesseract 3.04.00' />
  <meta name='ocr-capabilities' content='ocr_page ocr_carea ocr_par ocr_line ocrx_word'/>
</head>
<body>
  <div class='ocr_page' id='page_1' title='image "./mtulliiciceroni97cicegoog/mtulliiciceroni97cicegoog_0115.png"; bbox 0 0 1970 3278; ppageno 0'>
   <div class='ocr_carea' id='block_1_1' title="bbox 134 187 650 248">
    <p class='ocr_par' dir='ltr' id='par_1_1' title="bbox 134 187 650 248">
     <span class='ocr_line' id='line_1_1' title="bbox 134 187 650 248; baseline -0.002 -13"><span class='ocrx_word' id='word_1_1' title='bbox 134 193 173 248; x_wconf 70' lang='lat'><strong>03</strong></span> <span class='ocrx_word' id='word_1_2' title='bbox 427 189 475 236; x_wconf 79' lang='lat' dir='ltr'><strong>on</strong></span> <span class='ocrx_word' id='word_1_3' title='bbox 494 187 650 238; x_wconf 77' lang='lat' dir='ltr'><strong>osricus.</strong></span> 
     </span>
    </p>
   </div>
   <div class='ocr_carea' id='block_1_2' title="bbox 135 329 937 1661">
    <p class='ocr_par' dir='ltr' id='par_1_2' title="bbox 135 329 937 708">
     <span class='ocr_line' id='line_1_2' title="bbox 135 329 936 392; baseline 0.002 -2"><span class='ocrx_word' id='word_1_4' title='bbox 135 334 237 392; x_wconf 87' lang='lat' dir='ltr'><strong>velletl</strong></span> <span class='ocrx_word' id='word_1_5' title='bbox 277 329 363 388; x_wconf 87' lang='lat' dir='ltr'><strong>Domi</strong></span> <span class='ocrx_word' id='word_1_6' title='bbox 377 330 462 388; x_wconf 89' lang='lat' dir='ltr'><strong>etiam</strong></span> <span class='ocrx_word' id='word_1_7' title='bbox 475 329 661 388; x_wconf 78' lang='lat' dir='ltr'>contumelias</span> <span class='ocrx_word' id='word_1_8' title='bbox 671 347 830 388; x_wconf 80' lang='lat' dir='ltr'><strong>servorum</strong></span> <span class='ocrx_word' id='word_1_9' title='bbox 844 332 936 392; x_wconf 82' lang='lat' dir='ltr'><strong>ancil·</strong></span> 
     </span>
     <span class='ocr_line' id='line_1_3' title="bbox 137 407 937 485; baseline 0 -17"><span class='ocrx_word' id='word_1_10' title='bbox 137 411 280 482; x_wconf 81' lang='lat' dir='ltr'><strong>lorumque</strong></span> <span class='ocrx_word' id='word_1_11' title='bbox 294 409 417 484; x_wconf 90' lang='lat' dir='ltr'><strong>pertulit,</strong></span> <span class='ocrx_word' id='word_1_12' title='bbox 431 417 463 464; x_wconf 88' lang='lat' dir='ltr'><strong>ut</strong></span> <span class='ocrx_word' id='word_1_13' title='bbox 476 407 552 472; x_wconf 79' lang='lat' dir='ltr'><strong>adid</strong></span> <span class='ocrx_word' id='word_1_14' title='bbox 566 408 727 479; x_wconf 83' lang='lat' dir='ltr'><strong>aliquando,</strong></span> <span class='ocrx_word' id='word_1_15' title='bbox 745 407 822 479; x_wconf 90' lang='lat' dir='ltr'><strong>quod</strong></span> <span class='ocrx_word' id='word_1_16' title='bbox 835 412 937 485; x_wconf 88' lang='lat' dir='ltr'><strong>cupie-</strong></span> 
     </span>
     <span class='ocr_line' id='line_1_4' title="bbox 137 487 936 563; baseline -0.003 -15"><span class='ocrx_word' id='word_1_17' title='bbox 137 490 192 556; x_wconf 82' lang='lat' dir='ltr'><strong>bat.</strong></span> <span class='ocrx_word' id='word_1_18' title='bbox 204 488 319 546; x_wconf 85' lang='lat' dir='ltr'><strong>veniret.</strong></span> <span class='ocrx_word' id='word_1_19' title='bbox 360 489 398 544; x_wconf 83' lang='lat' dir='ltr'><strong>At</strong></span> <span class='ocrx_word' id='word_1_20' title='bbox 406 487 488 563; x_wconf 81' lang='lat' dir='ltr'><strong>Ajax,</strong></span> <span class='ocrx_word' id='word_1_21' title='bbox 500 505 557 558; x_wconf 90' lang='lat' dir='ltr'><strong>quo</strong></span> <span class='ocrx_word' id='word_1_22' title='bbox 569 487 663 544; x_wconf 89' lang='lat' dir='ltr'><strong>animo</strong></span> <span class='ocrx_word' id='word_1_23' title='bbox 677 487 801 554; x_wconf 82' lang='lat' dir='ltr'>traditur,</span> <span class='ocrx_word' id='word_1_24' title='bbox 820 489 936 546; x_wconf 79' lang='lat' dir='ltr'><strong>milies*</strong></span> 
     </span>
     <span class='ocr_line' id='line_1_5' title="bbox 136 565 935 706; baseline 0.004 -84"><span class='ocrx_word' id='word_1_25' title='bbox 136 575 270 706; x_wconf 55' lang='lat' dir='ltr'><strong>fppeoelse</strong></span> <span class='ocrx_word' id='word_1_26' title='bbox 292 574 412 624; x_wconf 86' lang='lat' dir='ltr'><strong>mortem</strong></span> <span class='ocrx_word' id='word_1_27' title='bbox 435 567 540 642; x_wconf 89' lang='lat' dir='ltr'><strong>potius,</strong></span> <span class='ocrx_word' id='word_1_28' title='bbox 563 584 648 638; x_wconf 82' lang='lat' dir='ltr'><strong>quam</strong></span> <span class='ocrx_word' id='word_1_29' title='bbox 669 565 717 623; x_wconf 90' lang='lat' dir='ltr'><strong>illa</strong></span> <span class='ocrx_word' id='word_1_30' title='bbox 740 567 851 642; x_wconf 82' lang='lat' dir='ltr'>perpeti</span> <span class='ocrx_word' id='word_1_31' title='bbox 873 585 935 625; x_wconf 86' lang='lat' dir='ltr'><strong>ma·</strong></span> 
     </span>
     <span class='ocr_line' id='line_1_6' title="bbox 147 654 244 708; baseline -0.052 -4"><span class='ocrx_word' id='word_1_32' title='bbox 147 654 244 708; x_wconf 72' lang='lat' dir='ltr'><strong>ursset,</strong></span> 
     </span>
    </p>

    <p class='ocr_par' dir='ltr' id='par_1_3' title="bbox 136 721 933 1661">
     <span class='ocr_line' id='line_1_7' title="bbox 177 721 933 798; baseline 0.003 -18"><span class='ocrx_word' id='word_1_33' title='bbox 177 722 247 788; x_wconf 71' lang='lat' dir='ltr'><strong>Qua</strong></span> <span class='ocrx_word' id='word_1_34' title='bbox 264 721 487 796; x_wconf 77' lang='lat' dir='ltr'><strong>contemplantes</strong></span> <span class='ocrx_word' id='word_1_35' title='bbox 510 721 670 798; x_wconf 80' lang='lat' dir='ltr'><strong>expendere</strong></span> <span class='ocrx_word' id='word_1_36' title='bbox 690 721 839 798; x_wconf 78' lang='lat' dir='ltr'><strong>oportebit,</strong></span> <span class='ocrx_word' id='word_1_37' title='bbox 863 723 933 796; x_wconf 88' lang='lat' dir='ltr'><strong>quid</strong></span> 
     </span>
     <span class='ocr_line' id='line_1_8' title="bbox 137 800 932 872; baseline 0.003 -16"><span class='ocrx_word' id='word_1_38' title='bbox 137 800 257 872; x_wconf 86' lang='lat' dir='ltr'><strong>quisque</strong></span> <span class='ocrx_word' id='word_1_39' title='bbox 287 801 389 858; x_wconf 84' lang='lat' dir='ltr'><strong>habeat</strong></span> <span class='ocrx_word' id='word_1_40' title='bbox 405 800 465 865; x_wconf 78' lang='lat' dir='ltr'><strong>sui3</strong></span> <span class='ocrx_word' id='word_1_41' title='bbox 487 819 575 872; x_wconf 89' lang='lat' dir='ltr'><strong>eaque</strong></span> <span class='ocrx_word' id='word_1_42' title='bbox 605 800 753 868; x_wconf 84' lang='lat' dir='ltr'><strong>moderari,</strong></span> <span class='ocrx_word' id='word_1_43' title='bbox 774 819 828 857; x_wconf 88' lang='lat' dir='ltr'><strong>nec</strong></span> <span class='ocrx_word' id='word_1_44' title='bbox 857 803 932 860; x_wconf 89' lang='lat' dir='ltr'><strong>velle</strong></span> 
     </span>
     <span class='ocr_line' id='line_1_9' title="bbox 136 877 933 954; baseline 0 -18"><span class='ocrx_word' id='word_1_45' title='bbox 136 879 269 954; x_wconf 83' lang='lat' dir='ltr'><strong>experiri,</strong></span> <span class='ocrx_word' id='word_1_46' title='bbox 288 897 373 950; x_wconf 86' lang='lat' dir='ltr'><strong>quarn</strong></span> <span class='ocrx_word' id='word_1_47' title='bbox 386 896 418 934; x_wconf 84' lang='lat' dir='ltr'><strong>se</strong></span> <span class='ocrx_word' id='word_1_48' title='bbox 432 879 523 938; x_wconf 86' lang='lat' dir='ltr'><strong>aliena</strong></span> <span class='ocrx_word' id='word_1_49' title='bbox 543 877 669 936; x_wconf 78' lang='lat' dir='ltr'><strong>deceant.</strong></span> <span class='ocrx_word' id='word_1_50' title='bbox 708 879 742 936; x_wconf 90' lang='lat' dir='ltr'><strong>Id</strong></span> <span class='ocrx_word' id='word_1_51' title='bbox 762 879 840 936; x_wconf 90' lang='lat' dir='ltr'><strong>enim</strong></span> <span class='ocrx_word' id='word_1_52' title='bbox 852 898 933 940; x_wconf 83' lang='lat' dir='ltr'><strong>max-</strong></span> 
     </span>
     <span class='ocr_line' id='line_1_10' title="bbox 137 955 932 1034; baseline 0.004 -21"><span class='ocrx_word' id='word_1_53' title='bbox 137 957 193 1014; x_wconf 91' lang='lat' dir='ltr'><strong>ime</strong></span> <span class='ocrx_word' id='word_1_54' title='bbox 218 975 358 1028; x_wconf 86' lang='lat' dir='ltr'><strong>quemque</strong></span> <span class='ocrx_word' id='word_1_55' title='bbox 378 955 468 1024; x_wconf 85' lang='lat' dir='ltr'><strong>decet,</strong></span> <span class='ocrx_word' id='word_1_56' title='bbox 490 955 565 1027; x_wconf 89' lang='lat' dir='ltr'><strong>quod</strong></span> <span class='ocrx_word' id='word_1_57' title='bbox 584 966 628 1014; x_wconf 87' lang='lat' dir='ltr'><strong>est</strong></span> <span class='ocrx_word' id='word_1_58' title='bbox 645 958 781 1034; x_wconf 88' lang='lat' dir='ltr'><strong>cujusque</strong></span> <span class='ocrx_word' id='word_1_59' title='bbox 805 959 932 1016; x_wconf 88' lang='lat' dir='ltr'><strong>maxime</strong></span> 
     </span>
     <span class='ocr_line' id='line_1_11' title="bbox 138 1035 931 1112; baseline 0.004 -22"><span class='ocrx_word' id='word_1_60' title='bbox 138 1053 231 1091; x_wconf 88' lang='lat' dir='ltr'><strong>suum.</strong></span> <span class='ocrx_word' id='word_1_61' title='bbox 255 1035 361 1090; x_wconf 85' lang='lat' dir='ltr'><strong>&#39;Suum</strong></span> <span class='ocrx_word' id='word_1_62' title='bbox 387 1035 506 1105; x_wconf 87' lang='lat' dir='ltr'><strong>quisque</strong></span> <span class='ocrx_word' id='word_1_63' title='bbox 530 1035 616 1110; x_wconf 83' lang='lat' dir='ltr'><strong>igitur</strong></span> <span class='ocrx_word' id='word_1_64' title='bbox 646 1045 744 1093; x_wconf 89' lang='lat' dir='ltr'><strong>noscat</strong></span> <span class='ocrx_word' id='word_1_65' title='bbox 772 1036 931 1112; x_wconf 81' lang='lat' dir='ltr'><strong>ingenium,</strong></span> 
     </span>
     <span class='ocr_line' id='line_1_12' title="bbox 139 1113 933 1190; baseline 0.003 -20"><span class='ocrx_word' id='word_1_66' title='bbox 139 1129 288 1184; x_wconf 89' lang='lat' dir='ltr'><strong>acremque</strong></span> <span class='ocrx_word' id='word_1_67' title='bbox 300 1131 331 1170; x_wconf 91' lang='lat' dir='ltr'><strong>se</strong></span> <span class='ocrx_word' id='word_1_68' title='bbox 345 1113 533 1180; x_wconf 77' lang='lat' dir='ltr'><strong>othonorum,</strong></span> <span class='ocrx_word' id='word_1_69' title='bbox 545 1123 574 1170; x_wconf 89' lang='lat' dir='ltr'><strong>et</strong></span> <span class='ocrx_word' id='word_1_70' title='bbox 586 1113 718 1171; x_wconf 86' lang='lat' dir='ltr'><strong>vitiorum</strong></span> <span class='ocrx_word' id='word_1_71' title='bbox 730 1129 846 1172; x_wconf 87' lang='lat' dir='ltr'><strong>suorum</strong></span> <span class='ocrx_word' id='word_1_72' title='bbox 855 1114 933 1190; x_wconf 85' lang='lat' dir='ltr'><strong>judi·</strong></span> 
     </span>
     <span class='ocr_line' id='line_1_13' title="bbox 138 1191 933 1268; baseline 0.004 -21"><span class='ocrx_word' id='word_1_73' title='bbox 138 1207 200 1248; x_wconf 87' lang='lat' dir='ltr'><strong>cem</strong></span> <span class='ocrx_word' id='word_1_74' title='bbox 215 1192 344 1266; x_wconf 85' lang='lat' dir='ltr'><strong>praebeat,</strong></span> <span class='ocrx_word' id='word_1_75' title='bbox 359 1209 388 1247; x_wconf 92' lang='lat' dir='ltr'><strong>re</strong></span> <span class='ocrx_word' id='word_1_76' title='bbox 402 1191 508 1249; x_wconf 81' lang='lat' dir='ltr'><strong>scenici</strong></span> <span class='ocrx_word' id='word_1_77' title='bbox 521 1191 595 1268; x_wconf 82' lang='lat' dir='ltr'><strong>plus,</strong></span> <span class='ocrx_word' id='word_1_78' title='bbox 610 1210 694 1263; x_wconf 89' lang='lat' dir='ltr'><strong>quam</strong></span> <span class='ocrx_word' id='word_1_79' title='bbox 709 1211 771 1257; x_wconf 84' lang='lat' dir='ltr'><strong>nos,</strong></span> <span class='ocrx_word' id='word_1_80' title='bbox 785 1191 933 1250; x_wconf 83' lang='lat' dir='ltr'><strong>videantur</strong></span> 
     </span>
     <span class='ocr_line' id='line_1_14' title="bbox 138 1268 931 1346; baseline 0.001 -20"><span class='ocrx_word' id='word_1_81' title='bbox 138 1268 240 1326; x_wconf 89' lang='lat' dir='ltr'><strong>habere</strong></span> <span class='ocrx_word' id='word_1_82' title='bbox 251 1269 415 1345; x_wconf 69' lang='lat' dir='ltr'><strong>prudentie.</strong></span> <span class='ocrx_word' id='word_1_83' title='bbox 444 1269 489 1327; x_wconf 93' lang='lat' dir='ltr'><strong>llli</strong></span> <span class='ocrx_word' id='word_1_84' title='bbox 502 1270 578 1326; x_wconf 92' lang='lat' dir='ltr'><strong>enim</strong></span> <span class='ocrx_word' id='word_1_85' title='bbox 591 1288 648 1327; x_wconf 91' lang='lat' dir='ltr'><strong>non</strong></span> <span class='ocrx_word' id='word_1_86' title='bbox 666 1271 797 1346; x_wconf 84' lang='lat' dir='ltr'><strong>optimas,</strong></span> <span class='ocrx_word' id='word_1_87' title='bbox 812 1270 863 1328; x_wconf 90' lang='lat' dir='ltr'><strong>sed</strong></span> <span class='ocrx_word' id='word_1_88' title='bbox 876 1273 931 1329; x_wconf 92' lang='lat' dir='ltr'><strong>sibi</strong></span> 
     </span>
     <span class='ocr_line' id='line_1_15' title="bbox 139 1347 931 1425; baseline 0.003 -21"><span class='ocrx_word' id='word_1_89' title='bbox 139 1347 444 1406; x_wconf 81' lang='lat' dir='ltr'><strong>accommodatissimas</strong></span> <span class='ocrx_word' id='word_1_90' title='bbox 472 1348 577 1406; x_wconf 86' lang='lat' dir='ltr'><strong>fabulas</strong></span> <span class='ocrx_word' id='word_1_91' title='bbox 614 1349 729 1425; x_wconf 78' lang='lat' dir='ltr'><strong>eligunt.</strong></span> <span class='ocrx_word' id='word_1_92' title='bbox 776 1348 834 1414; x_wconf 84' lang='lat' dir='ltr'><strong>Qui</strong></span> <span class='ocrx_word' id='word_1_93' title='bbox 860 1367 931 1406; x_wconf 88' lang='lat' dir='ltr'><strong>voce</strong></span> 
     </span>
     <span class='ocr_line' id='line_1_16' title="bbox 138 1425 930 1502; baseline 0.005 -20"><span class='ocrx_word' id='word_1_94' title='bbox 138 1425 201 1482; x_wconf 82' lang='lat' dir='ltr'><strong>freti</strong></span> <span class='ocrx_word' id='word_1_95' title='bbox 228 1434 303 1493; x_wconf 85' lang='lat' dir='ltr'><strong>sunt,</strong></span> <span class='ocrx_word' id='word_1_96' title='bbox 328 1425 505 1500; x_wconf 86' lang='lat' dir='ltr'><strong>Epigonos‚‡</strong></span> <span class='ocrx_word' id='word_1_97' title='bbox 537 1425 728 1498; x_wconf 75' lang='lat' dir='ltr'><strong>Medumquez</strong></span> <span class='ocrx_word' id='word_1_98' title='bbox 756 1427 805 1498; x_wconf 87' lang='lat' dir='ltr'><strong>qui</strong></span> <span class='ocrx_word' id='word_1_99' title='bbox 839 1437 930 1502; x_wconf 80' lang='lat' dir='ltr'><strong>gestu,</strong></span> 
     </span>
     <span class='ocr_line' id='line_1_17' title="bbox 140 1501 930 1581; baseline 0.003 -19"><span class='ocrx_word' id='word_1_100' title='bbox 140 1501 345 1580; x_wconf 76' lang='lat' dir='ltr'><strong>Menalippum,</strong></span> <span class='ocrx_word' id='word_1_101' title='bbox 367 1503 628 1579; x_wconf 66' lang='lat' dir='ltr'><strong>Clytaemnestram:</strong></span> <span class='ocrx_word' id='word_1_102' title='bbox 651 1523 763 1580; x_wconf 88' lang='lat' dir='ltr'><strong>semper</strong></span> <span class='ocrx_word' id='word_1_103' title='bbox 787 1505 930 1581; x_wconf 85' lang='lat' dir='ltr'><strong>Rupilius,</strong></span> 
     </span>
     <span class='ocr_line' id='line_1_18' title="bbox 140 1583 931 1661; baseline 0.003 -21"><span class='ocrx_word' id='word_1_104' title='bbox 140 1601 225 1656; x_wconf 86' lang='lat' dir='ltr'><strong>quem</strong></span> <span class='ocrx_word' id='word_1_105' title='bbox 237 1602 290 1660; x_wconf 84' lang='lat' dir='ltr'><strong>ego</strong></span> <span class='ocrx_word' id='word_1_106' title='bbox 302 1583 428 1652; x_wconf 86' lang='lat' dir='ltr'><strong>memini,</strong></span> <span class='ocrx_word' id='word_1_107' title='bbox 442 1583 612 1660; x_wconf 69' lang='lat' dir='ltr'><strong>Antiopam</strong></span> <span class='ocrx_word' id='word_1_108' title='bbox 627 1601 684 1642; x_wconf 92' lang='lat' dir='ltr'><strong>non</strong></span> <span class='ocrx_word' id='word_1_109' title='bbox 696 1601 771 1660; x_wconf 82' lang='lat' dir='ltr'><strong>saepe</strong></span> <span class='ocrx_word' id='word_1_110' title='bbox 783 1583 931 1661; x_wconf 85' lang='lat' dir='ltr'><strong>AEsopus§</strong></span> 
     </span>
    </p>
   </div>
   <div class='ocr_carea' id='block_1_3' title="bbox 140 1739 933 2190">
    <p class='ocr_par' dir='ltr' id='par_1_4' title="bbox 173 1739 523 1792">
     <span class='ocr_line' id='line_1_19' title="bbox 173 1739 523 1792; baseline 0 -4"><span class='ocrx_word' id='word_1_111' title='bbox 173 1739 289 1788; x_wconf 68' lang='lat' dir='ltr'><strong>*Milies</strong></span> <span class='ocrx_word' id='word_1_112' title='bbox 323 1739 368 1788; x_wconf 86' lang='lat' dir='ltr'><strong>See</strong></span> <span class='ocrx_word' id='word_1_113' title='bbox 380 1747 435 1789; x_wconf 92' lang='lat' dir='ltr'><strong>note</strong></span> <span class='ocrx_word' id='word_1_114' title='bbox 447 1757 474 1792; x_wconf 88' lang='lat'><strong>11.</strong></span> <span class='ocrx_word' id='word_1_115' title='bbox 484 1741 523 1788; x_wconf 76' lang='lat'><strong>21.</strong></span> 
     </span>
    </p>

    <p class='ocr_par' dir='ltr' id='par_1_5' title="bbox 139 1803 933 2190">
     <span class='ocr_line' id='line_1_20' title="bbox 171 1803 933 1870; baseline 0.004 -19"><span class='ocrx_word' id='word_1_116' title='bbox 171 1804 185 1856; x_wconf 89' lang='lat'><strong>†</strong></span> <span class='ocrx_word' id='word_1_117' title='bbox 197 1803 449 1853; x_wconf 80' lang='lat' dir='ltr'><strong>Potius-maluisset.</strong></span> <span class='ocrx_word' id='word_1_118' title='bbox 482 1804 544 1852; x_wconf 82' lang='lat' dir='ltr'><strong>This</strong></span> <span class='ocrx_word' id='word_1_119' title='bbox 555 1804 619 1863; x_wconf 88' lang='lat' dir='ltr'><strong>verb,</strong></span> <span class='ocrx_word' id='word_1_120' title='bbox 629 1804 680 1853; x_wconf 79' lang='lat' dir='ltr'><strong>and</strong></span> <span class='ocrx_word' id='word_1_121' title='bbox 690 1805 785 1862; x_wconf 79' lang='lat' dir='ltr'><strong>adverb,</strong></span> <span class='ocrx_word' id='word_1_122' title='bbox 795 1821 836 1854; x_wconf 84' lang='lat' dir='ltr'><strong>cre</strong></span> <span class='ocrx_word' id='word_1_123' title='bbox 848 1805 933 1870; x_wconf 86' lang='lat' dir='ltr'><strong>joined</strong></span> 
     </span>
     <span class='ocr_line' id='line_1_21' title="bbox 140 1867 932 1930; baseline 0.005 -15"><span class='ocrx_word' id='word_1_124' title='bbox 140 1867 173 1930; x_wconf 92' lang='lat' dir='ltr'><strong>by</strong></span> <span class='ocrx_word' id='word_1_125' title='bbox 183 1867 270 1916; x_wconf 88' lang='lat' dir='ltr'><strong>Cicero</strong></span> <span class='ocrx_word' id='word_1_126' title='bbox 290 1867 316 1915; x_wconf 93' lang='lat' dir='ltr'><strong>in</strong></span> <span class='ocrx_word' id='word_1_127' title='bbox 334 1869 402 1916; x_wconf 88' lang='lat' dir='ltr'><strong>other</strong></span> <span class='ocrx_word' id='word_1_128' title='bbox 417 1869 546 1917; x_wconf 84' lang='lat' dir='ltr'><strong>instonoes.</strong></span> <span class='ocrx_word' id='word_1_129' title='bbox 579 1869 628 1917; x_wconf 85' lang='lat' dir='ltr'><strong>“Se</strong></span> <span class='ocrx_word' id='word_1_130' title='bbox 643 1870 674 1917; x_wconf 86' lang='lat' dir='ltr'><strong>ab</strong></span> <span class='ocrx_word' id='word_1_131' title='bbox 690 1869 802 1918; x_wconf 89' lang='lat' dir='ltr'><strong>omnibus</strong></span> <span class='ocrx_word' id='word_1_132' title='bbox 817 1871 932 1928; x_wconf 85' lang='lat' dir='ltr'><strong>desertos,</strong></span> 
     </span>
     <span class='ocr_line' id='line_1_22' title="bbox 140 1931 932 1993; baseline 0.006 -15"><span class='ocrx_word' id='word_1_133' title='bbox 140 1931 304 1993; x_wconf 78' lang='lat' dir='ltr'><strong>potiusquam</strong></span> <span class='ocrx_word' id='word_1_134' title='bbox 316 1937 363 1979; x_wconf 85' lang='lat' dir='ltr'><strong>ste</strong></span> <span class='ocrx_word' id='word_1_135' title='bbox 376 1931 486 1980; x_wconf 87' lang='lat' dir='ltr'><strong>defensos</strong></span> <span class='ocrx_word' id='word_1_136' title='bbox 500 1948 553 1980; x_wconf 86' lang='lat' dir='ltr'><strong>esse</strong></span> <span class='ocrx_word' id='word_1_137' title='bbox 563 1934 681 1982; x_wconf 81' lang='lat' dir='ltr'><strong>molunt.&#39;‘</strong></span> <span class='ocrx_word' id='word_1_138' title='bbox 696 1934 810 1982; x_wconf 69' lang='lat' dir='ltr'><strong>Carino</strong></span> <span class='ocrx_word' id='word_1_139' title='bbox 831 1941 847 1963; x_wconf 75' lang='lat'><strong>‘⁸</strong></span> <span class='ocrx_word' id='word_1_140' title='bbox 856 1936 932 1984; x_wconf 90' lang='lat' dir='ltr'><strong>Idcir-</strong></span> 
     </span>
     <span class='ocr_line' id='line_1_23' title="bbox 140 1997 932 2129; baseline 0.009 -22.991"><span class='ocrx_word' id='word_1_141' title='bbox 140 1997 584 2106; x_wconf 75' lang='lat' dir='ltr'><strong>v</strong></span> <span class='ocrx_word' id='word_1_142' title='bbox 734 2063 932 2129; x_wconf 59' lang='lat' dir='ltr'><strong>tn</strong></span> 
     </span>
     <span class='ocr_line' id='line_1_24' title="bbox 140 2077 931 2190; baseline 0.011 -20"><span class='ocrx_word' id='word_1_143' title='bbox 140 2123 220 2185; x_wconf 84' lang='lat' dir='ltr'><strong>potius</strong></span> <span class='ocrx_word' id='word_1_144' title='bbox 239 2124 364 2185; x_wconf 81' lang='lat' dir='ltr'><strong>optatior.”</strong></span> <span class='ocrx_word' id='word_1_145' title='bbox 377 2077 446 2174; x_wconf 60' lang='lat' dir='ltr'><strong>JPis</strong></span> <span class='ocrx_word' id='word_1_146' title='bbox 459 2126 495 2174; x_wconf 83' lang='lat'><strong>14.</strong></span> <span class='ocrx_word' id='word_1_147' title='bbox 507 2143 534 2176; x_wconf 81' lang='lat' dir='ltr'><strong>as</strong></span> <span class='ocrx_word' id='word_1_148' title='bbox 546 2077 640 2190; x_wconf 55' lang='lat' dir='ltr'><strong>[siffis</strong></span> <span class='ocrx_word' id='word_1_149' title='bbox 652 2130 674 2177; x_wconf 92' lang='lat' dir='ltr'><strong>is</strong></span> <span class='ocrx_word' id='word_1_150' title='bbox 690 2099 816 2178; x_wconf 82' lang='lat' dir='ltr'><strong>lnGreek.</strong></span> <span class='ocrx_word' id='word_1_151' title='bbox 850 2128 931 2178; x_wconf 81' lang='lat' dir='ltr'><strong>Fiscb</strong></span> 
     </span>
    </p>
   </div>
   <div class='ocr_carea' id='block_1_4' title="bbox 45 2187 371 2239">
    <p class='ocr_par' dir='ltr' id='par_1_6' title="bbox 45 2187 371 2239">
     <span class='ocr_line' id='line_1_25' title="bbox 45 2187 371 2239; baseline 0.025 -9"><span class='ocrx_word' id='word_1_152' title='bbox 45 2217 48 2230; x_wconf 55' lang='lat' dir='ltr'><strong>t</strong></span> <span class='ocrx_word' id='word_1_153' title='bbox 139 2187 270 2236; x_wconf 81' lang='lat' dir='ltr'><strong>Animadv.</strong></span> <span class='ocrx_word' id='word_1_154' title='bbox 281 2188 306 2236; x_wconf 89' lang='lat' dir='ltr'><strong>ii.</strong></span> <span class='ocrx_word' id='word_1_155' title='bbox 318 2189 371 2239; x_wconf 86' lang='grc'><strong>138.</strong></span> 
     </span>
    </p>
   </div>
   <div class='ocr_carea' id='block_1_5' title="bbox 139 2251 935 2906">
    <p class='ocr_par' dir='ltr' id='par_1_7' title="bbox 139 2251 935 2890">
     <span class='ocr_line' id='line_1_26' title="bbox 176 2251 933 2322; baseline 0.003 -18"><span class='ocrx_word' id='word_1_156' title='bbox 176 2251 186 2304; x_wconf 76' lang='lat'>1</span> <span class='ocrx_word' id='word_1_157' title='bbox 198 2252 331 2316; x_wconf 76' lang='lat' dir='ltr'><strong>Epigonos.</strong></span> <span class='ocrx_word' id='word_1_158' title='bbox 363 2255 450 2304; x_wconf 82' lang='lat' dir='ltr'><strong>Thistr</strong></span> <span class='ocrx_word' id='word_1_159' title='bbox 497 2257 530 2322; x_wconf 90' lang='lat' dir='ltr'><strong>dy</strong></span> <span class='ocrx_word' id='word_1_160' title='bbox 541 2258 572 2306; x_wconf 85' lang='grc' dir='ltr'><strong>ο1</strong></span> <span class='ocrx_word' id='word_1_161' title='bbox 582 2259 682 2308; x_wconf 85' lang='lat' dir='ltr'><strong>Accius</strong></span> <span class='ocrx_word' id='word_1_162' title='bbox 691 2259 804 2308; x_wconf 81' lang='lat' dir='ltr'><strong>received</strong></span> <span class='ocrx_word' id='word_1_163' title='bbox 815 2259 848 2308; x_wconf 82' lang='lat' dir='ltr'><strong>in</strong></span> <span class='ocrx_word' id='word_1_164' title='bbox 859 2275 933 2308; x_wconf 80' lang='lat' dir='ltr'><strong>name</strong></span> 
     </span>
     <span class='ocr_line' id='line_1_27' title="bbox 141 2273 933 2386; baseline 0.013 -22"><span class='ocrx_word' id='word_1_165' title='bbox 141 2316 203 2366; x_wconf 84' lang='lat' dir='ltr'><strong>from</strong></span> <span class='ocrx_word' id='word_1_166' title='bbox 215 2317 256 2366; x_wconf 77' lang='lat' dir='ltr'><strong>the</strong></span> <span class='ocrx_word' id='word_1_167' title='bbox 268 2317 399 2382; x_wconf 58' lang='lat' dir='ltr'><strong>&#39;Earn-ivor,</strong></span> <span class='ocrx_word' id='word_1_168' title='bbox 417 2273 623 2371; x_wconf 50' lang='lat' dir='ltr'><strong>crudemcndoms</strong></span> <span class='ocrx_word' id='word_1_169' title='bbox 634 2323 663 2372; x_wconf 80' lang='lat' dir='ltr'><strong>of</strong></span> <span class='ocrx_word' id='word_1_170' title='bbox 673 2323 742 2372; x_wconf 78' lang='lat' dir='ltr'><strong>those</strong></span> <span class='ocrx_word' id='word_1_171' title='bbox 752 2325 809 2372; x_wconf 80' lang='lat' dir='ltr'><strong>wlro</strong></span> <span class='ocrx_word' id='word_1_172' title='bbox 820 2325 933 2386; x_wconf 77' lang='lat' dir='ltr'><strong>perished</strong></span> 
     </span>
     <span class='ocr_line' id='line_1_28' title="bbox 141 2382 933 2450; baseline 0.009 -18"><span class='ocrx_word' id='word_1_173' title='bbox 141 2388 167 2432; x_wconf 82' lang='lat' dir='ltr'><strong>st</strong></span> <span class='ocrx_word' id='word_1_174' title='bbox 178 2382 282 2441; x_wconf 82' lang='lat' dir='ltr'><strong>Thebes,</strong></span> <span class='ocrx_word' id='word_1_175' title='bbox 291 2385 351 2434; x_wconf 89' lang='lat' dir='ltr'><strong>with</strong></span> <span class='ocrx_word' id='word_1_176' title='bbox 369 2385 505 2449; x_wconf 80' lang='lat' dir='ltr'><strong>Polynices,</strong></span> <span class='ocrx_word' id='word_1_177' title='bbox 516 2389 557 2436; x_wconf 87' lang='lat' dir='ltr'><strong>the</strong></span> <span class='ocrx_word' id='word_1_178' title='bbox 568 2403 613 2436; x_wconf 88' lang='lat' dir='ltr'><strong>son</strong></span> <span class='ocrx_word' id='word_1_179' title='bbox 624 2389 654 2436; x_wconf 91' lang='grc' dir='ltr'><strong>ο1</strong></span> <span class='ocrx_word' id='word_1_180' title='bbox 663 2389 775 2450; x_wconf 85' lang='lat' dir='ltr'><strong>OEdipus.</strong></span> <span class='ocrx_word' id='word_1_181' title='bbox 807 2389 864 2438; x_wconf 82' lang='lat' dir='ltr'><strong>Tho</strong></span> <span class='ocrx_word' id='word_1_182' title='bbox 880 2389 933 2439; x_wconf 81' lang='lat' dir='ltr'><strong>Mc·</strong></span> 
     </span>
     <span class='ocr_line' id='line_1_29' title="bbox 141 2447 933 2518; baseline 0.009 -23"><span class='ocrx_word' id='word_1_183' title='bbox 141 2449 187 2496; x_wconf 86' lang='lat' dir='ltr'><strong>dus</strong></span> <span class='ocrx_word' id='word_1_184' title='bbox 198 2447 220 2496; x_wconf 87' lang='lat' dir='ltr'><strong>is</strong></span> <span class='ocrx_word' id='word_1_185' title='bbox 231 2451 350 2511; x_wconf 85' lang='lat' dir='ltr'><strong>supposed</strong></span> <span class='ocrx_word' id='word_1_186' title='bbox 361 2457 386 2498; x_wconf 92' lang='lat' dir='ltr'><strong>to</strong></span> <span class='ocrx_word' id='word_1_187' title='bbox 397 2451 457 2499; x_wconf 84' lang='lat' dir='ltr'><strong>hove</strong></span> <span class='ocrx_word' id='word_1_188' title='bbox 468 2453 529 2500; x_wconf 85' lang='lat' dir='ltr'><strong>been</strong></span> <span class='ocrx_word' id='word_1_189' title='bbox 539 2469 554 2502; x_wconf 81' lang='lat' dir='ltr'><strong>c</strong></span> <span class='ocrx_word' id='word_1_190' title='bbox 565 2454 667 2518; x_wconf 83' lang='lat' dir='ltr'><strong>tragedy</strong></span> <span class='ocrx_word' id='word_1_191' title='bbox 678 2453 708 2502; x_wconf 82' lang='lat' dir='ltr'><strong>of</strong></span> <span class='ocrx_word' id='word_1_192' title='bbox 719 2453 854 2511; x_wconf 80' lang='lat' dir='ltr'><strong>Pacuvius3</strong></span> <span class='ocrx_word' id='word_1_193' title='bbox 880 2453 933 2502; x_wconf 85' lang='lat' dir='ltr'><strong>Me-</strong></span> 
     </span>
     <span class='ocr_line' id='line_1_30' title="bbox 139 2513 933 2579; baseline 0.008 -17"><span class='ocrx_word' id='word_1_194' title='bbox 139 2513 238 2575; x_wconf 79' lang='lat' dir='ltr'><strong>nelippe</strong></span> <span class='ocrx_word' id='word_1_195' title='bbox 249 2515 297 2562; x_wconf 86' lang='lat' dir='ltr'><strong>nnd</strong></span> <span class='ocrx_word' id='word_1_196' title='bbox 307 2515 493 2579; x_wconf 81' lang='lat' dir='ltr'><strong>clytemnestra,</strong></span> <span class='ocrx_word' id='word_1_197' title='bbox 504 2518 534 2565; x_wconf 88' lang='lat' dir='ltr'><strong>of</strong></span> <span class='ocrx_word' id='word_1_198' title='bbox 544 2517 643 2566; x_wconf 79' lang='lat' dir='ltr'><strong>Accius.</strong></span> <span class='ocrx_word' id='word_1_199' title='bbox 675 2518 737 2566; x_wconf 90' lang='lat' dir='ltr'><strong>Both</strong></span> <span class='ocrx_word' id='word_1_200' title='bbox 750 2518 873 2568; x_wconf 79' lang='lat' dir='ltr'><strong>Pacuvius</strong></span> <span class='ocrx_word' id='word_1_201' title='bbox 884 2520 933 2568; x_wconf 78' lang='lat' dir='ltr'><strong>end</strong></span> 
     </span>
     <span class='ocr_line' id='line_1_31' title="bbox 141 2577 934 2656; baseline 0.009 -30"><span class='ocrx_word' id='word_1_202' title='bbox 141 2577 227 2628; x_wconf 87' lang='lat' dir='ltr'><strong>Livius</strong></span> <span class='ocrx_word' id='word_1_203' title='bbox 237 2579 394 2628; x_wconf 86' lang='lat' dir='ltr'><strong>Andronicus</strong></span> <span class='ocrx_word' id='word_1_204' title='bbox 410 2588 485 2629; x_wconf 77' lang='lat' dir='ltr'><strong>wrote</strong></span> <span class='ocrx_word' id='word_1_205' title='bbox 502 2582 624 2656; x_wconf 71' lang='lat' dir='ltr'><strong>tregedies</strong></span> <span class='ocrx_word' id='word_1_206' title='bbox 636 2583 712 2632; x_wconf 85' lang='lat' dir='ltr'><strong>under</strong></span> <span class='ocrx_word' id='word_1_207' title='bbox 723 2584 764 2632; x_wconf 90' lang='lat' dir='ltr'><strong>the</strong></span> <span class='ocrx_word' id='word_1_208' title='bbox 775 2583 828 2632; x_wconf 80' lang='lat' dir='ltr'><strong>title</strong></span> <span class='ocrx_word' id='word_1_209' title='bbox 839 2583 871 2632; x_wconf 91' lang='grc' dir='ltr'><strong>ο1</strong></span> <span class='ocrx_word' id='word_1_210' title='bbox 881 2587 934 2633; x_wconf 84' lang='lat' dir='ltr'><strong>An·</strong></span> 
     </span>
     <span class='ocr_line' id='line_1_32' title="bbox 142 2642 934 2720; baseline 0.01 -29"><span class='ocrx_word' id='word_1_211' title='bbox 142 2642 214 2706; x_wconf 75' lang='lat' dir='ltr'><strong>liope.</strong></span> <span class='ocrx_word' id='word_1_212' title='bbox 247 2645 301 2720; x_wconf 80' lang='lat' dir='ltr'><strong>Tlrs</strong></span> <span class='ocrx_word' id='word_1_213' title='bbox 312 2645 411 2694; x_wconf 84' lang='lat' dir='ltr'><strong>heroine</strong></span> <span class='ocrx_word' id='word_1_214' title='bbox 422 2644 452 2693; x_wconf 87' lang='lat' dir='ltr'><strong>of</strong></span> <span class='ocrx_word' id='word_1_215' title='bbox 462 2645 512 2694; x_wconf 89' lang='lat' dir='ltr'><strong>this</strong></span> <span class='ocrx_word' id='word_1_216' title='bbox 522 2662 590 2708; x_wconf 81' lang='lat' dir='ltr'><strong>precs</strong></span> <span class='ocrx_word' id='word_1_217' title='bbox 601 2663 652 2698; x_wconf 81' lang='lat' dir='ltr'><strong>was</strong></span> <span class='ocrx_word' id='word_1_218' title='bbox 663 2664 696 2697; x_wconf 80' lang='lat' dir='ltr'><strong>an</strong></span> <span class='ocrx_word' id='word_1_219' title='bbox 706 2649 825 2707; x_wconf 70' lang='lat' dir='ltr'><strong>Amazon,</strong></span> <span class='ocrx_word' id='word_1_220' title='bbox 836 2663 866 2698; x_wconf 81' lang='lat' dir='ltr'><strong>es</strong></span> <span class='ocrx_word' id='word_1_221' title='bbox 877 2649 934 2699; x_wconf 86' lang='lat' dir='ltr'><strong>vvsll</strong></span> 
     </span>
     <span class='ocr_line' id='line_1_33' title="bbox 142 2722 170 2754; baseline 0 0"><span class='ocrx_word' id='word_1_222' title='bbox 142 2722 170 2754; x_wconf 83' lang='lat' dir='ltr'><strong>ss</strong></span> 
     </span>
     <span class='ocr_line' id='line_1_34' title="bbox 145 2707 935 2890; baseline 0.01 -69"><span class='ocrx_word' id='word_1_223' title='bbox 145 2830 149 2834; x_wconf 92' lang='lat'><em>.</em></span> <span class='ocrx_word' id='word_1_224' title='bbox 175 2707 328 2838; x_wconf 48' lang='lat' dir='ltr'><strong>§Mgtsspspa</strong></span> <span class='ocrx_word' id='word_1_225' title='bbox 345 2773 457 2839; x_wconf 80' lang='lat' dir='ltr'><strong>Atrsgic</strong></span> <span class='ocrx_word' id='word_1_226' title='bbox 465 2780 532 2824; x_wconf 79' lang='lat' dir='ltr'><strong>ector</strong></span> <span class='ocrx_word' id='word_1_227' title='bbox 541 2775 567 2824; x_wconf 88' lang='lat' dir='ltr'><strong>in</strong></span> <span class='ocrx_word' id='word_1_228' title='bbox 576 2776 637 2890; x_wconf 62' lang='lat' dir='ltr'><strong>biyh</strong></span> <span class='ocrx_word' id='word_1_229' title='bbox 645 2760 858 2835; x_wconf 69' lang='lat' dir='ltr'><strong>ostirnetiom&#39;wbc</strong></span> <span class='ocrx_word' id='word_1_230' title='bbox 869 2777 935 2829; x_wconf 82' lang='lat' dir='ltr'><strong>lived</strong></span> 
     </span>
    </p>

    <p class='ocr_par' dir='ltr' id='par_1_8' title="bbox 180 2839 874 2906">
     <span class='ocr_line' id='line_1_35' title="bbox 180 2839 874 2906; baseline 0.009 -20"><span class='ocrx_word' id='word_1_231' title='bbox 180 2841 255 2886; x_wconf 79' lang='lat' dir='ltr'><strong>terma</strong></span> <span class='ocrx_word' id='word_1_232' title='bbox 266 2839 296 2887; x_wconf 85' lang='lat' dir='ltr'><strong>of</strong></span> <span class='ocrx_word' id='word_1_233' title='bbox 307 2840 425 2903; x_wconf 74' lang='lat' dir='ltr'><strong>intimacy</strong></span> <span class='ocrx_word' id='word_1_234' title='bbox 436 2839 496 2889; x_wconf 87' lang='lat' dir='ltr'><strong>with</strong></span> <span class='ocrx_word' id='word_1_235' title='bbox 506 2839 592 2890; x_wconf 84' lang='lat' dir='ltr'><strong>Cicero</strong></span> <span class='ocrx_word' id='word_1_236' title='bbox 611 2839 707 2891; x_wconf 81' lang='lat' dir='ltr'><strong>rimsclf.</strong></span> <span class='ocrx_word' id='word_1_237' title='bbox 740 2841 785 2906; x_wconf 82' lang='lat' dir='ltr'><strong>Ep.</strong></span> <span class='ocrx_word' id='word_1_238' title='bbox 796 2841 837 2891; x_wconf 84' lang='lat' dir='ltr'><strong>rii.</strong></span> <span class='ocrx_word' id='word_1_239' title='bbox 851 2843 874 2892; x_wconf 88' lang='lat'><strong>1.</strong></span> 
     </span>
    </p>
   </div>
   <div class='ocr_carea' id='block_1_6' title="bbox 0 0 997 3278">
    <p class='ocr_par' dir='ltr' id='par_1_9' title="bbox 0 0 997 3278">
     <span class='ocr_line' id='line_1_36' title="bbox 0 0 997 3278; baseline 0 0"><span class='ocrx_word' id='word_1_240' title='bbox 0 0 997 3278; x_wconf 95' lang='lat' dir='ltr'><strong> </strong></span> 
     </span>
    </p>
   </div>
  </div>
 </body>
</html>
