1970 3272
147 241 206 296 220
428 237 476 284 DE
494 233 646 286 eunucus.

147 381 216 454 lent.
256 380 351 452 ltaque
374 377 515 445 existimo,
537 377 703 443 Panaetium,
731 393 798 433 cum
823 375 942 444 dixerit,

148 459 277 528 homines
291 457 381 514 solere
396 457 424 512 in
441 456 492 513 hae
507 455 714 530 comparatione
726 453 867 520 dubitare,
884 455 942 512 hoc

147 537 242 614 ipsum
263 535 399 602 'sensisse
425 534 500 606 quod
522 533 632 600 dixerit,
654 533 743 590 solere
764 527 864 600 modo,
882 553 942 590 non

147 615 231 672 etiam
245 622 382 688 oportere.
424 612 538 670 Etenim
555 629 610 669 non
625 610 710 668 modo
724 610 813 686 pluris
839 622 944 686 putare

147 691 222 766 quod
240 690 308 748 utile
330 691 465 757 videatur,
487 709 571 762 quam
593 688 667 761 quod
688 688 863 753 honestum3
887 689 941 746 sed

145 769 206 827 haec
224 770 309 826 etiam
320 769 403 826 -inter
416 787 447 825 se
469 785 639 842 comparare,
655 770 683 824 e't
703 767 732 823 in
753 767 798 823 his
820 765 941 824 addubi-

145 856 211 914 tare,
227 847 421 924 turpissimum
436 855 489 903 est.
532 845 608 911 Quid
628 863 696 921 ergo
710 853 762 911 est,
778 843 858 916 quod
880 863 939 902 non

144 943 298 998 numquam
312 924 513 993 dub'uationem
531 923 630 980 afferre
644 923 743 985 soleat.
754 921 939 979 consideran·

144 1001 266 1074 dumque
281 1001 428 1058 videatur?
450 1000 554 1066 Credo,
571 1002 596 1057 si
611 1000 722 1074 quando
736 1000 876 1058 dubitatio
892 1019 939 1057 ace

145 1079 221 1148 cidit,
236 1080 317 1153 quale
332 1081 369 1136 sit
382 1078 411 1136 id
425 1079 459 1136 de
475 1079 744 1154 quonconeideretur.

183 1159 266 1234 Saepe
293 1157 369 1214 euim
397 1167 523 1232 tempore
543 1157 585 1222 fit,
602 1167 642 1225 ut,
671 1155 746 1228 quod
769 1163 852 1232 turpe
879 1159 938 1234 pla·

143 1254 262 1308 rumque
275 1235 372 1293 haberi
395 1237 493 1302 soleat,
514 1235 671 1292 inveniatur
691 1252 747 1291 non
761 1251 826 1290 esee
842 1244 936 1313 turpe.

144 1313 280 1390 Exempli
294 1331 393 1371 caussa
404 1323 522 1390 ponatur
536 1310 641 1384 aliquid
651 1311 727 1385 quod
738 1322 832 1388 pateat
841 1313 937 1374 latius.

144 1392 228 1459 Quod
248 1401 340 1468 potest
361 1393 452 1468 majus
467 1409 530 1449 esse
552 1392 654 1456 scelus,
670 1409 754 1462 quam
775 1395 834 1448 non
849 1393 937 1451 modo

143 1470 298 1536 hominem,
320 1470 372 1528 aed
396 1471 479 1527 etiam
503 1469 666 1527 familiarem
687 1467 834 1525 hominem
862 1473 937 1528 oeci·

144 1549 231 1608 derel
272 1549 351 1607 Num
378 1549 463 1625 igitur
486 1566 517 1604 ae
545 1547 674 1604 astrinxit
699 1546 816 1612 scelere,
838 1548 863 1604 si
888 1551 936 1620 qui

143 1636 293 1705 tyratmum
307 1627 417 1694 oceidit,
433 1626 560 1699 quamvis
581 1623 782 1682 familiaremi*
822 1626 936 1701 Populo

144 1707 258 1780 quidem
283 1706 412 1766 Romano
439 1724 496 1763 non
522 1704 640 1770 videtur,
666 1702 715 1774 qui
740 1721 778 1760 ex
802 1705 936 1762 omnibus

96 1830 99 1840 .
143 1785 283 1862 praularia
318 1785 399 1843 sactis
427 1783 497 1842 illud
523 1781 743 1858 pulcherrimum
778 1781 932 1840 existimat.

101 1952 105 1960 ’
175 1955 305 2016 *Occidit
321 1954 436 2019 'uatum
455 1952 626 2018 familiarem?
659 1949 720 2012 Yea.
738 1953 869 2018 certainly;
893 1961 933 2003 not

143 2023 235 2086 merely
246 2023 348 2070 becauee
359 2020 400 2070 the
411 2020 471 2068 deed
482 2025 549 2068 must
565 2020 595 2067 be
611 2017 782 2080 accompeniod
796 2019 859 2067 with
874 2025 934 2067 trea-

38 2121 44 2130 .
143 2085 225 2149 ohery,
236 2085 284 2133 and
295 2085 406 2143 because,
417 2083 444 2132 in
455 2101 471 2132 a
481 2090 543 2132 atate
553 2083 583 2132 of
594 2084 687 2147 society
698 2083 746 2132 and
757 2082 787 2131 of
802 2099 884 2145 peaoe,
894 2085 933 2132 the

143 2149 202 2201 lawa
214 2149 282 2200 alone
293 2149 380 2198 should
391 2149 487 2211 dirpoae
504 2148 534 2198 of
545 2147 586 2197 the
597 2149 656 2198 livea
674 2147 704 2196 of
714 2147 876 2206 individualet
892 2150 933 2198 hut

143 2215 244 2263 bocum
250 2213 291 2262 the
295 2215 368 2263 abuae
373 2213 422 2262 and
429 2213 470 2262 the
474 2213 600 2262 extension
604 2214 634 2262 of
639 2213 706 2262 thane
710 2211 864 2278 tyrarmicide
868 2229 933 2261 max·

144 2278 192 2328 ime
204 2279 265 2327 haue
275 2278 308 2341 by
320 2277 462 2340 experience
475 2279 537 2326 been
548 2277 623 2328 found
634 2285 659 2326 to
670 2292 737 2326 serve
748 2293 781 2324 no
792 2278 868 2326 better
880 2293 933 2340 pur·

108 2351 109 2366 ¹
144 2359 201 2407 pose
211 2343 271 2392 than
281 2348 307 2390 to
317 2341 413 2391 furnish
424 2342 465 2390 the
476 2342 570 2392 leaders
585 2343 615 2391 of
629 2341 732 2390 factiom
743 2340 804 2389 with
816 2359 832 2392 a
842 2348 935 2404 pretext

143 2409 180 2458 for
191 2407 323 2458 auooeaeive
335 2405 533 2464 assuesinatione3
550 2406 671 2472 offording
682 2406 770 2469 liberty
777 2421 811 2454 no
821 2405 935 2455 effectual

144 2475 282 2537 protection.
313 2471 368 2520 The
388 2484 565 2532 consequences
584 2471 613 2520 of
623 2471 754 2534 adtrritting
770 2470 836 2519 rulea
852 2472 935 2520 which

144 2539 244 2588 commit
255 2536 340 2586 thelife
347 2535 394 2585 end
403 2534 481 2598 eafety
488 2535 517 2582 of
523 2535 584 2584 each
594 2535 727 2583 individual
735 2541 761 2582 to
768 2535 809 2582 the
821 2541 836 2564 ‘⁴
843 2537 934 2598 epleeru

143 2603 182 2652 fiir
200 2640 207 2662 ‚
225 2603 272 2652 and
290 2600 449 2658 heatioism‚'’
460 2599 490 2647 of
501 2599 539 2648 hie
555 2597 696 2664 neighbour‚
708 2615 749 2648 ore
761 2599 818 2662 ably
829 2602 934 2664 exposed

145 2621 276 2732 byl²uley3
292 2667 328 2717 M.
336 2666 384 2716 and
398 2665 425 2712 P.
434 2663 496 2712 Phil.
507 2663 532 2712 ii.
544 2665 574 2722 t,
590 2665 649 2712 “On
660 2664 701 2712 the
714 2663 838 2728 necessity
849 2666 880 2713 of
890 2666 936 2714 Ge.

143 2732 211 2779 neral
218 2733 315 2782 Rulee.”
324 2731 431 2781 Cicero'a
442 2728 559 2792 intimacy
567 2729 626 2778 with
635 2729 676 2776 the
685 2727 806 2776 ammaim
814 2729 845 2778 ot
852 2729 936 2780 Ciam

143 2795 257 2862 probably
268 2798 369 2848 miset
378 2803 403 2846 to
414 2793 514 2844 mielaad
521 2793 573 2844 him
584 2809 616 2842 on
626 2793 675 2841 thie
686 2793 786 2857 subject.
