1970 3272
138 207 193 264 172
403 205 451 254 nn
469 204 622 254 orncns.

90 381 95 389 ι
134 346 211 419 quod
236 347 356 406 scribere
384 344 550 424 (prasertim
577 363 642 402 cum
672 345 707 403 de
739 346 927 424 philosophia

134 422 297 502 scriberem)
328 441 387 482 non
421 424 563 493 auderem,
598 424 655 482 nisi
688 423 765 482 idem
800 427 929 502 placeret

134 505 301 580 gravissimo
323 502 482 560 Stoicorum
502 503 636 562 Panaetio.
678 503 806 562 Maxime
828 515 927 562 autem

104 651 106 658 Α
134 592 163 639 ct
181 582 269 658 gloria
288 581 392 658 paritur
413 583 549 658 aegrotis
573 581 801 642 defensionibus:
831 601 926 656 coque

37 660 42 672 ⁸
134 659 233 734 major,
256 659 281 715 si
303 660 414 732 quando
436 661 546 729 eccidit,
568 669 599 718 ut
620 661 647 718 ei
669 661 860 728 subveniatur,
876 661 926 734 qui

134 737 256 812 potentis
281 739 398 814 alicujus
423 739 524 814 opibus
549 739 745 808 circumveniri
772 740 925 816 urgerique

133 813 273 872 videatur:
294 825 327 874 ut
347 835 400 874 nos
422 827 451 874 et
471 836 546 892 saepe
566 817 646 884 alias,
669 826 698 874 et
718 817 925 891 adolescentes,

134 903 231 950 contm
251 894 286 952 L.
309 895 395 952 Sulla
417 895 585 953 dominantis
608 913 677 970 opes
699 915 751 972 pro
765 896 797 953 S.
814 895 923 954 Roscio

134 970 285 1032 Amerino*
299 973 436 1054 lecimus:
458 991 531 1045 quae,
545 983 577 1030 ut
590 973 658 1041 scis,
674 983 765 1032 exstat
780 975 881 1033 oratio.

135 1144 225 1205 OAP.
237 1146 304 1204 XV.
326 1143 543 1225 Beneficientiee
552 1145 629 1206 ratio
641 1145 758 1225 duplae,
771 1153 825 1206 aut
836 1165 923 1225 opero

174 1232 228 1284 cut
236 1225 363 1301 pecnnia
373 1247 386 1296 ,·
410 1243 474 1302 qua
486 1231 599 1284 constet
610 1242 646 1285 ea‘
659 1243 755 1305 opero,
764 1225 923 1295 honestior,

177 1310 207 1362 et
220 1303 310 1362 latius
318 1310 412 1384 potet.

175 1447 239 1506 San
247 1449 384 1525 expositis
393 1448 613 1508 adolescentium
621 1447 803 1522 officiaque
811 1449 923 1508 valcant

135 1525 171 1585 ad
184 1527 302 1604 gloriam
314 1526 533 1604 adipiscendam,
546 1528 680 1606 deinceps
692 1527 727 1586 de
738 1529 925 1587 beneficentia

136 1624 169 1664 ac
189 1605 225 1664 de
245 1607 407 1665 liberalitate
428 1607 579 1666 dicendum
599 1617 650 1666 est.
692 1605 782 1684 Cujus
797 1616 842 1664 est
855 1609 924 1666 ratio

136 1683 252 1761 duplex.
293 1686 370 1744 Nam
383 1696 430 1744 aut
443 1706 529 1763 opera
546 1687 666 1762 benigne
680 1685 713 1743 iit
724 1685 924 1762 indigentibus,

137 1771 185 1822 aut
195 1765 326 1842 pecunia.
368 1765 491 1823 Facilior
503 1775 546 1823 est
559 1765 620 1822 haec
631 1764 779 1840 posterior,
791 1765 925 1842 locupleti

136 1844 291 1917 praesertim
303 1863 311 1900 ε
333 1843 385 1900 sed
397 1843 446 1900 illa
457 1845 567 1909 lautior,
582 1861 614 1899 ao
628 1842 810 1918 splendidior,
822 1854 852 1901 et
864 1845 925 1902 viro

137 1919 201 1978 forti
214 1921 344 1994 claroque
359 1919 478 1995 dignior.
520 1921 697 1993 Quamquam
717 1922 838 1980 enimin
851 1933 924 1981 utro·

137 2013 192 2069 que
219 1999 293 2056 inest
319 1997 492 2075 gratificandi
517 1999 639 2056 liberalis
667 2000 806 2068 voluntas,
831 2009 923 2060 tamen

137 2074 222 2132 altera
256 2095 293 2133 ex
327 2094 400 2144 arca,
429 2077 515 2134 altera
546 2095 582 2134 ex
609 2077 709 2135 virtute
737 2078 923 2155 depromitur:

137 2229 177 2279 bis
194 2229 252 2294 duty
264 2237 290 2279 to
304 2230 388 2279 decide
399 2247 431 2280 on
442 2231 524 2281 which
541 2232 592 2281 side
607 2232 696 2308 justice
711 2233 770 2282 lies:
786 2234 837 2293 but,
847 2235 875 2283 in
885 2235 925 2284 tha

137 2309 208 2344 mean
219 2295 286 2354 time,
294 2312 327 2344 no
336 2296 416 2344 blame
427 2313 474 2344 con
482 2297 560 2361 justly
568 2299 598 2345 be
609 2299 717 2360 imputed
728 2306 753 2347 to
763 2299 805 2347 the
814 2301 925 2349 advocate

137 2361 193 2409 who
209 2361 276 2425 gives
292 2368 317 2410 to
332 2361 409 2409 either
425 2368 495 2426 party
506 2362 547 2411 the
563 2378 692 2427 necessary
704 2363 744 2412 aid
759 2369 785 2411 to
800 2364 873 2429 bring
887 2366 925 2414 hir

138 2426 187 2476 suit
198 2432 222 2474 to
233 2443 248 2474 a
258 2426 304 2474 fair
315 2426 436 2476 decision:
454 2428 501 2476 und
510 2427 530 2476 it
538 2428 559 2474 is
568 2427 734 2493 confounding
742 2428 781 2476 hir
790 2430 858 2478 office
866 2431 925 2480 with

138 2491 191 2541 that
202 2491 231 2541 of
241 2493 281 2540 the
295 2494 339 2556 jud
371 2527 378 2550 ,
388 2498 414 2540 to
431 2492 478 2540 call
491 2509 523 2540 on
533 2493 574 2540 the
586 2493 700 2542 advocme
710 2500 737 2542 to
748 2493 832 2542 decide
843 2511 874 2543 ou
885 2496 924 2544 the

139 2558 230 2616 merita,
241 2557 322 2606 whilst
359 2573 372 2605 e
384 2556 433 2606 suit
444 2557 466 2606 is
476 2564 518 2621 yet
529 2557 555 2605 in
566 2573 685 2622 progress.

171 2624 186 2655 ³*
203 2622 289 2673 Roscio
306 2622 428 2672 Amerino.
460 2621 563 2670 Ameria
575 2621 601 2671 'rs
618 2639 634 2672 a
649 2628 714 2679 town
732 2622 762 2670 of
778 2623 886 2681 Umbria,
901 2625 930 2674 of

139 2687 221 2736 which
233 2687 336 2742 Roscius
343 2705 393 2738 was
404 2688 520 2751 probably
528 2704 544 2736 a
553 2687 641 2736 native.
673 2687 767 2745 Cicero,
778 2688 805 2736 in
815 2689 857 2736 the
867 2689 925 2739 etth

139 2767 198 2813 year
209 2751 239 2802 of
245 2753 283 2802 his
294 2771 347 2820 age,
358 2754 474 2804 defended
484 2753 589 2802 Roscius
599 2751 697 2818 against
707 2769 739 2802 un
750 2754 887 2803 accusation
895 2755 925 2804 of

140 2817 258 2874 parricide
269 2820 374 2884 brought
382 2819 478 2885 against
493 2818 546 2866 him
562 2819 577 2866 b
606 2835 622 2867 a
635 2817 811 2879 dependentes
822 2818 926 2882 Sylla.—

140 2877 196 2927 'I'he
206 2884 299 2932 oration
310 2885 403 2951 though
414 2885 493 2935 notin
504 2900 520 2933 a
530 2833 621 2947 perdent
632 2888 701 2941 sntc,
711 2881 760 2932 still
772 2883 852 2932 exista
