1970 3272
317 210 382 260 LlB.
389 211 421 262 Il.
432 209 510 262 GAP.
517 211 586 262 VIII.
790 213 844 268 lot

57 354 87 404 et
104 365 140 408 ex
153 367 187 408 ea
200 351 267 410 urbe
278 353 452 430 triumphari,
467 355 529 412 sine
544 373 599 428 qua
612 371 766 426 numquam
779 371 845 427 nos·

57 425 93 482 tri
104 427 285 506 imperatores
299 449 337 488 ex
351 433 547 509 Transalpinis
562 431 677 511 [bellis]
692 432 845 508 triumpha-

56 516 130 564 runt.
171 509 263 566 Multa
282 519 416 586 praeterea
428 529 677 570 commemorarem
691 510 796 568 nefaria
815 511 846 568 iu

57 585 199 653 socios,si
212 587 267 645 hoc
277 607 334 646 uno
346 589 498 662 quidquam
509 590 552 646 sol
564 590 680 647 vidisset
690 589 844 666 indignius.

55 659 125 720 Jure
145 665 230 740 igitur
248 666 405 743 plectimur.
447 667 514 724 Nisi
533 669 609 726 enim
629 667 780 726 multorum
794 668 846 724 im·

55 743 155 814 punita
163 744 270 802 scelera
278 745 450 812 odissemus,
462 763 616 817 numquam
627 745 662 802 ad
672 765 760 804 unum
771 755 847 803 tanta

56 821 233 893 pervenisset
253 823 385 881 licentia:
407 841 493 896 aquo
514 823 628 894 quidem
648 824 688 882 rei
701 823 845 882 familiaris

23 893 29 907 ²
56 897 90 1032 pld
105 918 222 1034 pgpcos,
237 902 420 978 cupiditatum
434 902 469 960 ad
482 902 586 962 multos
607 903 750 980 improbos
770 903 847 961 venit

76 996 124 1034 ere
145 988 207 1036 itas.
458 1033 461 1040 ,
888 993 893 1003 “

94 1055 126 1113 N
128 1074 162 1112 ec
175 1075 242 1114 vero
255 1077 389 1132 umquam
402 1059 540 1118 bellomm
560 1059 686 1118 civilium
700 1078 799 1118 semen
819 1069 848 1118 et

55 1151 159 1192 caussa
173 1133 269 1205 deerit,
285 1137 353 1196 dum
373 1139 503 1196 homines
524 1138 626 1214 perditi
640 1139 750 1196 hastam
770 1138 847 1196 illam

55 1221 201 1271 cruentam
214 1223 243 1272 et
255 1217 443 1283 meminerint,
459 1227 487 1273 et
498 1219 658 1292 sperabunt.
698 1217 790 1284 Quam
811 1217 847 1276 P.

58 1291 156 1348 Sulla*
183 1311 248 1351 cum
273 1295 418 1360 vibrasset,
444 1294 576 1353 dictatore
597 1295 756 1370 propinquo
783 1314 847 1363 suo,

56 1369 136 1428 idem
149 1382 230 1430 sexto
242 1373 384 1431 tricesimo
396 1391 469 1430 anno
481 1383 546 1447 post
556 1393 572 1430 a
581 1373 757 1435 sceleratiore
768 1373 849 1432 hasta

57 1466 116 1506 non
138 1449 264 1508 recessit.
305 1451 383 1510 Alter
403 1460 506 1517 autern,
529 1452 628 1523 quiin
648 1451 697 1508 illa
715 1451 849 1510 dictatura

56 1526 151 1584 scriba
171 1527 269 1594 suerat,
284 1528 313 1584 in
328 1529 382 1584 hac
402 1528 454 1586 fuit
474 1539 595 1600 quaestor
613 1529 761 1590 urbanus.†
799 1530 849 1588 Ex

56 1624 115 1679 quo
143 1604 226 1662 debet
252 1606 381 1681 intelligi,
403 1605 646 1680 talibus'praemiis
667 1605 849 1681 propositis‚‡

56 1701 214 1754 numquam
227 1682 354 1740 defutura
374 1683 448 1740 bella
467 1683 570 1740 civilia.
609 1682 707 1753 Itaque
728 1683 848 1758 parietes

55 1762 145 1822 modo
165 1761 242 1820 urbis
256 1769 331 1819 stant
342 1770 371 1818 et
384 1769 508 1829 manent,
522 1760 599 1833 iique
613 1759 669 1837 ipsi
685 1760 746 1837 jam
759 1769 850 1820 extre·

56 1955 85 2004 in
93 1955 171 2017 ivory,
181 1968 233 2002 was
244 1951 339 2002 carried
350 1952 376 2002 iu
387 1953 491 2003 Gaasar’s
502 1951 634 2016 triumpha]
644 1951 790 2015 processioa.
817 1951 849 2002 In

55 2017 564 2134 ttlllttftflltltfttltt*
575 2017 631 2132 hil
639 2017 850 2133 {dilimari

404 2119 410 2142 1
763 2120 780 2144 Ἰ

56 2149 139 2213 iously
155 2148 248 2197 wished
263 2155 289 2198 to
305 2149 399 2198 romain
419 2150 520 2199 neutral.
578 2149 616 2198 his
632 2150 673 2198 did
689 2155 732 2198 not
754 2165 850 2200 answer

54 2215 161 2264 essars
172 2230 289 2278 purpose:
305 2214 336 2262 he
347 2214 467 2290 besieged,
476 2215 523 2264 and
535 2213 596 2263 aster
603 2215 736 2280 arigernus
743 2215 849 2275 defence,

57 2281 117 2328 toolr
128 2279 169 2328 the
180 2287 246 2328 town
257 2281 291 2344 by
302 2280 465 2343 capitulation.
497 2280 559 2328 Caes.
571 2281 600 2328 de
612 2281 671 2330 Bell.
682 2281 734 2330 Civ.
746 2281 762 2330 i.
773 2280 811 2330 ³4.
822 2281 855 2330 ii.-

56 2344 98 2394 20.
114 2345 175 2392 velt.
184 2345 236 2394 Pat.
248 2343 273 2393 ii.
282 2345 320 2392 56.
331 2343 354 2392 2.

90 2411 105 2442 ἓ
122 2409 153 2459 P.
164 2409 242 2459 Sulbr.
275 2409 385 2472 Nephew
395 2408 425 2457 of
435 2407 464 2457 L.
475 2407 548 2458 Corn.
559 2409 633 2475 Sylla,
644 2411 685 2461 the
698 2410 809 2460 dictator.
843 2409 854 2432 ⁸

91 2475 107 2529 l.
122 2475 231 2534 Quaero
244 2474 360 2524 urbanus.
392 2474 455 2523 This
466 2491 517 2522 aves
529 2477 644 2540 probably
655 2475 682 2525 P.
694 2476 781 2539 Sylla‘s
797 2476 849 2522 bro·

57 2539 119 2598 ther,
133 2542 222 2589 named
232 2540 337 2599 Servius,
348 2539 404 2588 who
415 2540 463 2588 had
473 2539 535 2588 been
546 2540 685 2604 implicated
696 2541 722 2596 in
733 2541 774 2587 the
784 2539 849 2587 Cati-

58 2603 164 2652 linarian
175 2605 325 2668 conspiracy.
471 2617 482 2626 ⁶

6 2717 7 2720 ,
91 2668 102 2720 l
119 2669 234 2717 Premiie
242 2669 379 2734 propositis.
411 2669 512 2717 “Hasta
522 2669 626 2717 Caesaris
637 2667 721 2716 multis
733 2665 848 2729 improbis

58 2739 84 2781 et
95 2748 163 2794 spem
174 2734 252 2781 adfert
262 2741 287 2782 et
304 2733 439 2782 audaciam.
472 2734 591 2781 Viderunt
606 2732 672 2780 enim
684 2747 714 2780 ex
729 2731 849 2779 mendicis

59 2797 113 2846 fieri
125 2804 222 2859 repente
234 2797 327 2857 divites,
338 2798 418 2860 itaque
434 2797 530 2846 hastam
541 2797 621 2845 videre
638 2811 732 2860 semper
748 2796 850 2862 cupiunt

60 2862 77 2911 ii
89 2861 132 2925 qui
141 2862 230 2912 nostris
241 2863 311 2911 bonis
322 2861 474 2910 imminent!
491 2861 579 2924 Philip.
590 2859 639 2909 viii.
648 2857 671 2907 3.
