1984 3276
332 219 398 274 LIB,
408 223 429 274 1.
444 221 522 274 cAP.
536 224 612 274 xvn.
825 229 863 285 55

7 395 9 432 ,
65 370 164 420 trum.
206 359 273 421 Cari
293 374 358 422 sunt
371 351 579 442 parentes,’cari
593 365 683 432 liberi,
698 367 860 444 propinqui,

65 441 249 500 familiares:
281 443 331 500 sed
356 461 454 502 omnes
480 446 606 501 omnium
629 444 754 504 caritates
775 449 863 522 patria

7 539 8 564 ³
65 532 132 577 una
154 521 305 597 complexa
324 531 380 578 est:
407 541 459 597 pro
480 541 535 593 qun
557 523 619 593 quis
643 523 732 580 bonus
754 524 860 582 dubitet

66 609 199 656 mortem
219 609 361 675 oppetere,
376 601 409 656 si'
421 601 448 656 ei
468 601 505 656 sit
524 599 701 674 profuturus?
723 603 805 668 ,Quo
819 614 862 660 est

68 676 268 750 detestabilior
299 678 422 735 istorum·
442 678 610 744 immanitas,
633 679 681 750 qui
706 679 862 738 lacerarunt

69 757 158 812 omni
179 757 284 812 scelere
304 755 430 831 patriam,
452 767 480 812 et
496 756 529 812 in
549 773 583 812 ea
602 755 724 814 funditus
745 757 862 817 delenda

68 834 207 908 occupati
222 845 250 892 et
263 844 327 891 sunt
341 834 519 891 minuunt*

114 911 178 968 Sed
199 913 224 968 si
245 913 385 969 contentio
410 913 536 984 quaedam
561 920 590 969 et
612 914 782 988 comparatio
801 915 859 984 fiat,

71 989 181 1061 quibus
202 990 353 1065 plurimum
367 990 542 1048 tribuendum
557 991 594 1047 sit
607 989 703 1059 officii,
718 993 859 1070 principes

72 1069 234 1144 sint-patria
242 1081 269 1126 et
280 1079 417 1144 parentes,
429 1087 548 1141 quorum
559 1069 702 1128 beneficiis
715 1071 859 1134 maximini

72 1147 193 1223 obligati
213 1165 325 1206 sumus:
347 1147 480 1223 proximi,
502 1147 591 1214 liberi,
613 1157 723 1219 totaque
748 1148 858 1218 domus,

73 1237 139 1296 quae
153 1235 262 1302 spectat
274 1227 304 1282 in
318 1244 369 1282 nos
381 1225 468 1292 solos,
480 1243 572 1299 neque
583 1225 658 1283 aliud
669 1226 756 1287 ullum
767 1239 859 1302 potest

73 1303 181 1376 hahere
197 1301 379 1380 -perlu‘giumz
406 1303 539 1378 deinceps
561 1305 634 1361 bene
658 1307 856 1364 convenientes

75 1381 239 1454 propinqui,
260 1383 427 1454 quibuscum
453 1382 612 1439 communis
640 1382 723 1439 etiam
750 1382 859 1442 sortuna
897 1437 899 1444 ,

76 1456 243 1530 plerumque
265 1470 317 1515 est.
357 1459 449 1523 Quam
471 1460 587 1516 obrem
614 1461 771 1517 necessaria
790 1480 859 1536 prae·

78 1531 154 1588 sidia
166 1533 228 1588 cite
250 1534 382 1590 debentur
401 1536 436 1590 iis
456 1537 589 1601 maxime,
605 1555 676 1607 quos
697 1550 767 1594 ante«
779 1539 856 1596 dixi:

78 1611 857 1683 vitaautemvictusqueeommunis,consilia,sermones,

78 1689 294 1756 cohortationes,
316 1687 530 1754 consolationes,
548 1688 686 1744 interdum
707 1691 788 1746 etiam
809 1693 858 1748 ob-

74 1768 247 1850 jurgationes
262 1768 291 1826 in
305 1765 435 1824 amicitiis
448 1765 544 1842 vigent
555 1765 695 1822 maxime:
717 1777 814 1840 estque
825 1788 858 1826 ea

73 1843 281 1930 jucundissimo
303 1844 434 1912 amicitia,
455 1861 539 1915 quam
566 1843 720 1904 similitudo
747 1863 856 1906 morum

78 1924 263 2002 conjugavitss
627 1927 629 1932 ’

114 2097 200 2146 *Sunt
214 2103 239 2147 et
247 2097 358 2163 suerunt.
389 2096 506 2162 Alluding
523 2096 644 2162 evidently
654 2103 680 2146 to
694 2097 722 2146 G.
733 2095 756 2147 J.
767 2097 855 2158 Cesar,

78 2163 323 2228 nudtnM.Antony.
540 2181 543 2187 ’
679 2187 681 2192 ·
740 2171 742 2184 ’
864 2213 867 2220 ⁴

114 2227 261 2281 lllloximis.
291 2227 357 2278 This.
373 2227 474 2291 reading
492 2241 572 2275 seems
589 2225 666 2290 juslly
682 2225 801 2290 preferred
823 2228 855 2292 hy

81 2291 183 2352 Emesu,
199 2296 247 2343 ond
262 2301 325 2342 most
341 2292 437 2350 editors,
453 2299 478 2340 to
492 2293 604 2350 maxime,
620 2291 700 2340 which
716 2291 739 2342 J.
750 2291 778 2339 F.
789 2292 855 2340 Heu·
880 2317 881 2324 κ

81 2357 161 2422 cinget
181 2361 270 2421 adopts.
302 2359 395 2422 Magno
410 2356 526 2404 beneficio
541 2357 601 2468 epus,
617 2371 752 2420 magnoque
768 2356 855 2406 merito

83 2435 137 2476 sum
146 2423 269 2488 obligatus.
301 2423 378 2486 Epist.
389 2422 415 2469 in
426 2421 494 2469 Fom.
505 2420 537 2468 xi,
564 2421 585 2468 6.

116 2487 126 2538 i
141 2487 404 2552 Estque-conjugavit.
416 2507 424 2528 ·
435 2485 498 2534 This
506 2491 618 2534 sentence
629 2483 651 2532 is
661 2483 818 2546 superfluum,
826 2500 854 2532 os

89 2550 107 2598 it
114 2551 133 2598 is
138 2553 177 2600 but
184 2571 199 2602 a
206 2553 331 2615 repetition
340 2551 368 2600 of
374 2550 414 2598 the
422 2549 565 2614 precediug;
576 2547 662 2597 “Nihil
667 2547 854 2597 eutem-bono-

7 2649 15 2662 ,
88 2618 158 2664 mm.”
188 2618 244 2666 And
260 2619 301 2666 the
318 2616 428 2679 question
439 2613 460 2665 is
469 2621 513 2664 not
523 2615 579 2662 here
591 2629 618 2661 es
628 2619 653 2662 tn
668 2613 708 2661 the
724 2613 810 2676 degree
826 2611 854 2660 in

90 2679 161 2728 which
171 2681 313 2744 friendships
324 2697 364 2730 ore
375 2680 506 2744 agreesble,
514 2681 558 2728 but
568 2693 595 2726 us
604 2683 629 2725 to
639 2677 679 2724 the
687 2675 765 2750 duties
773 2671 854 2726 which

90 2743 210 2808 friendship
228 2746 338 2808 imposes.
369 2743 499 2794 Faocioleti
515 2743 562 2792 und
578 2741 645 2789 other
661 2741 749 2790 edors
764 2737 853 2789 reclruu

90 2811 141 2870 this,
150 2810 270 2870 therefore,
281 2827 369 2875 among
379 2809 419 2858 the
431 2805 616 2870 interpolatione,
