1970 3272
10 391 12 428 i

264 287 267 291 ⁸
313 227 377 277 Lm.
386 227 431 276 111.
450 221 527 276 cnr.
537 227 582 277 111.
781 197 839 288 215

58 376 152 426 cetero
164 375 266 436 sutem,
281 387 343 441 que
363 367 517 426 seeundum
537 345 662 426 netur‘am
681 331 839 434 essentiis

10 479 11 504 r
54 447 179 524 *legere*
193 445 219 504 si
232 465 267 503 es
276 447 370 507 virtuti
384 464 441 504 non
454 455 647 522 repugnarent
679 444 762 512 Quod
773 463 838 504 oum
891 483 896 492 ·

10 561 11 566 κ
58 525 98 582 ita
119 526 164 594 sit,
180 535 278 602 putant
291 523 414 597 quidam,
430 523 502 580 hano
522 524 756 601 oonrperationem
780 541 838 582 non

56 614 132 662 reote
146 601 341 667 introductum,
356 619 409 658 neo
422 601 538 659 omnino
552 601 586 658 de
600 621 634 660 eo
648 619 748 678 genere
759 600 839 673 quid·

57 700 142 753 quem
156 673 376 758 praecipiendum
397 676 492 734 fuisse.
533 679 623 751 Atque
638 679 706 737 iilud
720 679 834 752 quidem
853 668 867 693 ⁸

56 759 219 826 honesturn,
234 757 311 830 quod
322 756 433 833 proprie
447 773 567 828 vereque
588 756 700 824 dieitur,
709 758 736 813 id
751 757 779 814 in
795 775 839 814 sa·

56 838 199 914 pientibus
214 846 258 892 est
271 835 350 902 solis,
358 852 449 906 neque
463 835 590 892 evirtute
604 834 697 892 divelli
707 853 839 908 umquam

56 924 163 990 potest.
203 913 236 970 ln
251 914 285 970 iis
300 924 401 980 autem,
412 914 440 970 in
455 913 555 984 quibus
570 913 708 990 sepientis
718 913 840 988 persecu

56 1011 117 1050 non
131 1002 183 1057 est,
198 993 292 1068 ipsum
307 991 374 1048 iilud
388 990 501 1064 quidem
515 991 668 1068 perdoctum
679 991 839 1058 honestum,

56 1069 136 1130 nulio
150 1069 243 1135 modo,
259 1069 454 1127 similitudines
469 1071 579 1128 honesti
593 1089 657 1128 esse
671 1079 798 1146 possunt.

99 1147 170 1204 Haeo
189 1149 264 1206 eninr
286 1148 381 1222 omnia
400 1147 502 1216 officia,
517 1148 551 1206 de
573 1149 674 1220 quibus
695 1148 740 1204 his
760 1145 838 1204 libris

56 1225 243 1302 disputamus,
271 1225 364 1283 media
388 1225 479 1286 Stooii
504 1227 654 1302 appeliant.
696 1223 742 1282 Eo
764 1243 840 1281 oom-

55 1306 153 1362 munin
171 1316 245 1372 sunt,
260 1316 288 1360 et
308 1303 361 1360 late
375 1313 488 1380 patent:
504 1298 572 1374 'quoe
587 1313 615 1359 et
633 1303 739 1378 ingenii
759 1302 839 1359 boni·

55 1393 112 1440 tete
127 1383 205 1440 multi
220 1389 414 1452 assequuntur,
436 1391 464 1436 et
483 1381 679 1456 progressione
702 1378 838 1436 discendi.

14 1487 19 1492 ·
54 1459 129 1519 Iilud
139 1472 229 1515 autern
242 1457 376 1522 officium,
388 1457 464 1530 quod
474 1469 581 1514 rectum
592 1457 676 1514 iidem
689 1455 839 1531 appellent,

56 1536 211 1615 perfectum
222 1547 303 1606 atque
315 1536 471 1592 absolutum
483 1547 536 1602 est,
548 1545 585 1602 et,
596 1547 627 1592 ut
637 1533 721 1592 iidem
735 1533 839 1598 dieunt,

56 1632 158 1674 omnes
181 1631 312 1670 numeros
334 1613 452 1684 hobet;‡
471 1631 533 1681 neo,
554 1623 653 1688 pretor
674 1610 839 1686 sapientem,

57 1691 157 1750 eadere
172 1691 201 1748 iu
215 1708 385 1768 quemquam
398 1701 500 1764 potest.
651 1696 656 1706 '

98 1769 174 1828 Gnrn
202 1779 294 1826 autern
315 1767 420 1839 aliquid
441 1777 533 1824 actum
557 1777 601 1824 est
624 1766 654 1824 in
674 1783 729 1838 quo
750 1763 842 1823 medie

56 1848 150 1907 offioin
164 1855 353 1923 compareant,
368 1845 397 1903 id
417 1846 555 1904 cumulate
569 1844 677 1902 videtur
697 1862 760 1902 esse
780 1862 841 1920 per·

55 1927 171 1994 fectum,
186 1935 334 2002 propterea
357 1923 432 1997 quod
446 1925 557 2002 vulgus,
572 1923 641 1997 quid
660 1923 762 1981 absita
781 1937 842 2000 per·

56 2109 119 2160 ture,
126 2100 148 2148 is
156 2099 274 2164 certainly
284 2100 357 2149 truie
366 2100 464 2162 eepnble
472 2101 502 2150 of
506 2102 641 2165 dnngerous
650 2063 844 2162 interpretationr

56 2169 100 2216 but
111 2181 169 2230 moy
180 2166 209 2214 be
221 2165 278 2213 tirus
289 2165 422 2226 explained,
433 2166 486 2214 thet
497 2165 517 2213 it
528 2165 549 2213 is
561 2171 586 2213 to
596 2166 642 2214 live
654 2165 681 2213 in
696 2164 842 2227 oonsormity

56 2238 82 2282 to
92 2231 133 2280 the
145 2229 259 2279 relations
269 2229 350 2278 which
361 2235 447 2278 nature
456 2231 500 2278 hes
511 2230 662 2279 established.

38 2307 40 2310 ·
88 2299 103 2330 ⁸
122 2293 327 2358 Cetera-degere.
363 2293 418 2342 The
440 2301 496 2353 rest,
512 2295 644 2344 numbered
659 2295 692 2358 by
707 2294 749 2342 the
765 2292 843 2342 Surio·

56 2375 147 2425 among
164 2359 298 2418 commodo,
314 2364 358 2407 not
373 2359 451 2417 bone;
467 2377 495 2408 ns
510 2360 599 2418 heelth,
616 2359 712 2417 weolth,
722 2359 806 2422 glory;
823 2355 843 2403 it

56 2425 248 2542 purpeermitted
258 2430 284 2473 to
295 2424 352 2472 telio
361 2439 402 2488 up,
413 2423 492 2489 legere
501 2431 586 2483 ,·-not
596 2432 621 2474 to
638 2439 726 2488 pursue
738 2437 765 2471 or
780 2420 843 2469 wish

67 2505 94 2538 or
147 2505 179 2538 rn.
641 2515 645 2524 -

60 2614 64 2623 Ι
89 2553 100 2605 i
118 2552 208 2602 Media.
239 2553 301 2602 Vide
312 2553 328 2602 i.
340 2553 356 2602 i.
368 2569 389 2601 o.
402 2552 425 2602 3.
743 2613 749 2626 ι

90 2617 101 2670 i
118 2616 208 2665 Omnes
218 2633 329 2667 morem
347 2616 422 2666 iubet
454 2617 508 2667 Hos
525 2613 633 2666 attained
647 2613 787 2685 perfectiori.
819 2610 844 2660 A

57 2680 184 2743 msuphor
195 2681 269 2730 taken
280 2681 342 2756 from
357 2683 398 2730 the
410 2681 538 2756 Palpstra.
571 2681 607 2752 In.
613 2678 682 2726 those
692 2689 845 2732 exorcismo

57 2745 501 2864 extendentem
511 2743 626 2857 un
642 2747 844 2861 rmus

61 2878 99 2930 12.

464 2941 499 2994 19
