1970 3272
328 223 393 272 LlB.
410 221 441 272 ll.
457 221 534 272 CAP.
550 223 595 272 lX.
790 225 847 279 lob

62 374 152 440 egent,
167 363 219 422 sed
241 374 333 422 tamen
352 367 377 424 si
394 367 441 424 eui
459 366 520 424 haee
540 373 702 444 suppetunt,
716 363 847 440 adjuvant

10 525 12 544 ,
62 444 231 578 aliquayrypm
245 447 329 500 eum*
339 443 374 502 ad
387 456 488 514 cetera,
503 456 563 502 mm
574 445 610 504 ad
620 443 755 502 amicitias
770 460 846 500 eom·

10 553 12 556 ·
62 541 143 597 paran
199 563 206 579 .

62 675 148 736 OAP.
171 678 225 737 IX.
268 677 382 749 Quibus
396 678 482 817 reerlrlys
495 677 595 758 gloria
605 678 719 758 etstdes
733 665 846 756 compri-

392 776 408 815 r
457 776 503 816 ur.

99 915 161 972 Sne
172 911 206 971 de
221 915 342 972 amicitia
356 915 411 974 alio
422 916 493 975 libro
504 915 610 976 dietum
623 925 677 984 est,
689 917 738 990 qni
749 915 846 973 inseri·

60 993 134 1050 bitur
152 992 282 1056 Laelius.†
321 995 408 1052 Nunc
426 994 553 1054 dieamus
573 995 608 1054 de
622 997 737 1073 gloria‚‡
750 1011 847 1067 quam·

59 1091 144 1143 quam
160 1089 195 1128 ea
207 1091 320 1144 quoque
334 1073 368 1131 da
382 1093 412 1132 re
427 1074 483 1133 duo
503 1084 569 1134 sunt
589 1075 677 1132 nostri
690 1074 774 1140 libri;
795 1070 847 1129 sed

60 1151 237 1226 attingamus,
253 1151 364 1222 quando
378 1151 491 1224 quidem
505 1173 538 1210 ea
552 1155 581 1212 in
595 1155 679 1212 rebus
693 1151 845 1228 majoribus

60 1228 284 1286 administrandis
304 1230 416 1305 adjuvat
428 1231 591 1306 plurimum.
631 1233 751 1288 Summa
762 1230 847 1306 igitur

59 1316 87 1363 et
107 1306 231 1382 perlecta
241 1307 330 1383 gloria
342 1319 451 1366 constat
471 1328 509 1366 ex
522 1311 610 1368 tribus
624 1310 690 1366 bis:
716 1309 742 1364 si
755 1308 847 1383 diligit

59 1384 217 1451 multitudo,
243 1386 268 1442 si
286 1387 370 1444 fidem
398 1387 490 1455 babet,
519 1388 544 1444 si
571 1406 637 1444 oum
662 1386 845 1444 admiratione

59 1462 179 1535 quadam
193 1463 300 1520 honore
315 1465 414 1540 dignos
434 1473 522 1540 putat.
563 1465 635 1523 Haee
646 1475 749 1532 autem,
764 1466 789 1521 si
803 1473 847 1522 est

59 1541 225 1618 simpliciter
248 1543 426 1613 breviterque
450 1542 610 1611 dicendum,
634 1543 735 1614 quibus
762 1543 845 1599 rebus

7 1709 8 1718 ¹
90 1700 104 1732 ⁸
123 1696 195 1746 Cum.
227 1694 283 1744 'l'be
305 1695 420 1760 ordinary
435 1697 537 1761 reading
554 1697 576 1745 is
591 1704 661 1745 tum:
683 1695 777 1760 though
791 1711 847 1744 eum

56 1778 159 1825 appears
170 1762 214 1809 but
224 1760 250 1808 in
262 1776 308 1808 one
319 1760 373 1808 MS.
384 1760 432 1809 and
448 1761 496 1809 bad
511 1763 572 1810 been
587 1762 689 1823 adopted
699 1763 743 1809 but
757 1761 790 1824 by
801 1777 847 1808 one

57 1827 190 1892 preceding
211 1826 296 1884 editor,
318 1825 445 1881 Gemhard
461 1827 505 1874 has
525 1827 642 1876 admitted
663 1824 690 1884 it,
705 1825 847 1890 apparently

57 1893 118 1940 with
129 1905 224 1939 reason.
255 1891 362 1940 Cicero’s
378 1891 497 1940 intention
509 1891 531 1940 is
542 1898 585 1941 not
595 1898 620 1941 to
636 1891 727 1940 reclron
741 1891 783 1940 the
795 1906 847 1952 pro-

56 1957 127 2005 bable
138 1955 283 2017 aequisition
293 1955 323 2004 of
334 1956 432 2016 friends,
442 1973 515 2005 amon
548 1957 589 2007 tbs
604 1957 752 2022 advantages
767 1956 797 2005 of
807 1973 848 2020 po·

56 2019 173 2085 pularity,
184 2020 227 2068 but
237 2026 263 2068 to
274 2021 357 2071 advert
366 2028 392 2072 to
402 2023 456 2072 thet
466 1974 541 2088 solely

341 2172 594 2236 cumanam,

89 2307 103 2358 l
119 2301 220 2353 laelius.
252 2303 284 2352 In
297 2302 338 2351 the
349 2305 438 2353 second
449 2305 519 2364 book,
531 2303 570 2353 De
582 2304 748 2364 Divinatione,
758 2306 847 2355 Cicero

56 2375 211 2419 enumerate·
222 2369 261 2417 his
273 2369 368 2417 works:
386 2370 412 2418 in
422 2371 476 2419 that
486 2371 534 2430 list,
543 2371 584 2420 the
595 2371 714 2437 dialogus,
726 2371 765 2420 De
777 2372 847 2419 Ami.

55 2437 124 2494 odia,
136 2436 183 2484 and
194 2435 236 2483 the
247 2441 351 2497 present,
366 2435 397 2483 do
407 2442 451 2484 not
461 2451 563 2498 appear:
577 2437 637 2485 ,both
648 2453 712 2485 were
727 2435 846 2484 therefore

55 2501 173 2564 probably
190 2500 318 2562 eomposed
334 2506 360 2548 at
375 2517 391 2548 a
407 2501 553 2563 subsequent
568 2502 664 2564 period3
680 2503 724 2550 but
738 2501 780 2548 tbe
796 2499 846 2546 ‹lia-

55 2565 138 2629 logue,
146 2566 258 2627 previous
269 2571 294 2612 to
305 2564 346 2612 tbe
357 2572 454 2626 present
464 2567 540 2614 work.

89 2630 100 2681 1
120 2629 213 2677 Gloria.
246 2629 276 2676 In
288 2629 329 2677 the
340 2629 382 2678 list
392 2631 532 2680 mentioned
547 2631 573 2680 in
584 2631 625 2678 tho
641 2627 772 2691 preoeding
782 2632 847 2684 note,

55 2711 89 2742 no
101 2693 211 2741 mention
227 2693 330 2742 ismade
341 2693 370 2742 of
381 2695 430 2744 this
441 2695 624 2744 work-which
635 2709 685 2742 was
702 2693 760 2748 also,
772 2691 797 2737 in
814 2691 846 2738 all

55 2757 210 2820 probability,
226 2759 354 2820 composed
372 2759 397 2807 in
415 2761 456 2809 the
471 2759 638 2808 intermediam
655 2757 720 2805 time.
754 2755 784 2802 In
801 2754 846 2816 Ep.

54 2817 87 2874 ad
100 2823 153 2870 Art
168 2837 206 2870 xv.
216 2820 255 2868 27.
267 2824 315 2870 and
326 2824 357 2870 ad
374 2824 442 2873 Fam.
454 2825 501 2874 xvi.
511 2825 535 2872 2.
546 2824 566 2871 it
581 2823 603 2870 is
618 2822 670 2870 also
685 2820 788 2870 mmcd·
804 2821 845 2852 Μ·

55 2889 101 2938 has
114 2893 157 2938 not
168 2887 228 2936 been
241 2889 372 2949 preserved.
