1970 3272
139 221 195 276 156
428 217 475 266 nt:
491 215 644 267 ornlctts

136 362 280 438 pariuntur
300 379 317 417 a
337 359 466 435 singulis,
480 357 588 418 eisdem
612 358 669 416 fere
693 377 710 416 a
732 355 926 418 multitudine.

138 440 195 499 Sed
209 439 334 498 actalius
354 456 466 510 quoque
482 438 596 510 quidam
610 437 700 496 aditus
714 435 750 494 ad
771 436 928 496 multitudi-

137 537 214 584 nem,
229 527 260 574 ut
272 519 302 574 in
312 517 508 575 universorum
527 517 635 575 animos
650 527 792 590 tamquam
806 515 928 574 influere

138 615 291 674 possimus.

175 675 218 730 Ac
228 673 351 749 primurn
365 674 400 732 de
412 673 468 731 illis
482 674 580 741 tribus,
596 691 658 747 quae
678 682 741 732 ante
756 671 826 740 dixi,
840 673 929 730 bene·

137 751 284 810 volentiae*
298 764 438 830 praecepta
450 753 614 810 videamus:
637 771 698 825 quae
713 751 827 824 quidem
841 753 930 808 bene-

90 827 95 834 ’
138 831 211 888 ficiis
226 833 334 908 capitur
355 831 499 889 maxime:
521 831 646 890 secundo
658 840 750 888 autem
763 830 827 888 loco
841 831 930 888 bene·

136 909 192 966 fica
212 910 352 968 voluntate
374 909 568 968 benevolentia
590 918 726 976 movetur,
741 909 826 966 etiam
841 909 929 966 sires
971 945 972 970 ,

136 987 206 1045 forte
221 987 422 1064 nonsuppetit.
464 988 656 1044 Vehementer
666 996 759 1044 autem
768 1005 847 1044 arnor
855 987 930 1044 mul·
971 1015 972 1048 1

136 1065 263 1123 titudinis
284 1071 476 1124 commovetur
488 1066 552 1142 ipsa
572 1065 647 1122 fama
659 1075 688 1122 et
701 1066 836 1142 opinione
858 1065 930 1122 libe-

137 1144 276 1212 ralitatis,†
289 1145 490 1212 beneficentiae,
507 1143 633 1221 justitias,
649 1144 726 1212 fidei,
741 1144 929 1216 omniumque

137 1241 233 1280 earum
247 1225 389 1291 virtutum,
405 1241 466 1296 quaa
481 1223 620 1300 pertinent
634 1222 667 1280 ad
682 1221 929 1280 mansuetudinem

137 1319 248 1360 momm
260 1321 293 1359 ac
306 1302 475 1360 facilitatem.
516 1302 632 1360 Etenim
645 1301 715 1359 illud
727 1302 836 1378 ipsum,
851 1301 930 1372 quod

137 1379 289 1438 honestum
303 1381 491 1453 dacorumque
505 1381 636 1446 dicimus,
652 1381 717 1453 quia
728 1398 779 1457 per
798 1397 829 1436 se
843 1379 928 1437 nobis

138 1458 239 1534 placet,
261 1460 426 1532 animosque
448 1460 575 1517 omnium
598 1469 695 1516 natura
714 1469 743 1516 et
755 1458 857 1534 apecie
877 1477 932 1516 sua

138 1549 308 1607 commovet,
323 1539 503 1611 maximeque
518 1539 598 1611 quasi
610 1539 735 1614 perlucet
745 1556 781 1595 ex
792 1537 844 1604 eis,
857 1555 930 1607 quas

138 1619 367 1684 commemoravi,
383 1618 550 1675 virtutibus:
579 1617 685 1675 idcirco
701 1617 774 1682 illos,
784 1616 813 1671 in
826 1615 930 1685 quibus

138 1711 187 1752 eas
202 1697 318 1754 virtutes
332 1713 396 1754 esse
417 1715 521 1762 remur,
536 1705 663 1752 enatura
676 1696 738 1768 ipsa
751 1693 867 1766 diligere
882 1711 932 1751 co·

138 1774 242 1850 gimur.
281 1777 375 1846 Atque
398 1775 440 1832 hae
457 1773 571 1846 quidem
593 1789 699 1829 caussae
719 1768 854 1843 diligendi
867 1789 933 1845 gra-

140 1853 283 1986 pissimae:
312 1863 432 1928 possunt
451 1853 527 1909 enim
549 1859 683 1926 praeterea
695 1865 753 1906 non
765 1845 849 1904 nullae
863 1866 933 1908 esse

152 1948 272 1988 sutores,
491 1965 493 1970 ·

178 2007 264 2064 Fides
290 2015 381 2063 autem
404 2015 435 2063 ut
457 2007 600 2071 habeatur,
615 2003 722 2062 duabus
747 2005 830 2062 rebus
853 2005 930 2064 effici

139 2092 249 2158 potest:
276 2085 302 2140 si
316 2085 542 2142 existimabimur
562 2083 659 2160 adepti'
671 2084 849 2160 conjunctam
864 2102 931 2142 curn

134 2161 244 2237 justitia
265 2161 451 2236 prudentiam.
492 2161 569 2220 Nam
583 2172 612 2220 et
624 2163 659 2220 iis
674 2161 759 2220 fidem
780 2161 929 2230 habemus,

139 2257 210 2310 quos
224 2239 288 2315 plus
301 2239 467 2316 intelligere,
482 2259 567 2313 quam
578 2259 642 2307 nos,
657 2242 830 2308 arbitramur,
845 2259 930 2314 quos-

140 2335 194 2388 que
220 2329 248 2375 et
268 2317 360 2375 sutura
384 2319 546 2396 prospicere
571 2319 721 2387 credimus,
747 2328 775 2376 et
799 2337 864 2376 cum
883 2337 929 2376 res

140 2405 236 2472 agatur
249 2397 279 2454 in
298 2396 505 2470 discrimenque
526 2407 639 2458 ventum
654 2399 700 2467 sit,
715 2397 849 2474 expedire
869 2415 930 2456 rem

140 2486 169 2534 et
189 2476 339 2536 consilium
362 2495 399 2535 cx
423 2488 548 2554 tempore
571 2496 671 2555 capere
694 2479 807 2554 possc.‡
846 2475 930 2533 Hanc

172 2633 386 2684 *camacum
418 2633 474 2684 Soil.
486 2650 536 2684 cam
569 2633 660 2684 raaia.

172 2698 185 2749 †
202 2699 322 2766 Opinione
334 2699 494 2751 liberalitatis.
550 2700 615 2766 ytbe
624 2699 748 2749 character
759 2695 930 2762 osliberality3

139 2777 167 2808 as
178 2766 258 2826 opinio
272 2765 400 2831 probitatis
419 2767 446 2816 in
462 2767 512 2816 this
530 2767 643 2829 chaptcr3
657 2766 707 2814 and
721 2763 827 2829 justitia
845 2762 872 2810 in
890 2763 930 2810 the

139 2833 461 2962 neptcomlwm-wpm.
493 2903 508 2926 ‘⁶
518 2896 615 2946 Dicitur
625 2912 675 2945 non
685 2895 728 2959 qui
737 2891 931 2949 consultorium,

141 2951 181 2999 5θᾶ
193 2955 235 3016 qui
247 2957 298 3020 ipsa
310 2962 400 3025 reperit
411 2963 564 3013 ccnsilium.”
581 2961 677 3012 Eresm.
