1970 3278
134 177 178 234 96
424 175 472 222 DE
489 175 644 224 ourtcus.

140 429 229 488 CAP.
255 427 374 486 XXXI.¹
411 425 506 484 Suum
525 425 691 504 ingenium,
713 432 739 483 et
758 439 894 495 noscere,
911 435 938 486 et

178 505 282 584 eequi3
304 506 483 564 othonorum
497 505 819 574 etoitimumsuorum,
834 525 936 566 ocrem

171 584 306 665 judicem
319 603 349 642 eo
362 602 502 662 quemque
509 585 647 662 prebere.

177 741 327 800 Anuonuu
342 752 435 800 autem
448 739 568 800 tenenda
586 750 653 799 sunt
670 757 722 798 sua
741 741 858 814 cuique,
873 761 932 800 non

138 821 248 888 vitiosa,
269 821 320 879 sed
339 831 433 878 temen
447 823 569 898 propria,
590 838 645 893 quo
659 819 768 876 facilius
782 819 930 887 decorum,

138 898 216 966 iliud,
234 899 310 971 quod
334 901 495 972 querimus,
521 901 679 956 retineatur.
719 898 769 955 sic
788 899 870 956 enim
889 908 931 956 est

138 977 306 1044 faciendum,
322 988 353 1035 ut
366 987 462 1036 eontra
471 979 631 1036 universam
643 985 769 1034 naturam
779 977 855 1034 nihil
865 996 931 1036 oon·

138 1055 299 1114 tendamus:
315 1076 348 1113 ea
357 1065 450 1114 tamen
461 1061 633 1124 conservata,
648 1057 791 1132 propriam
802 1065 930 1114 naturam

138 1144 356 1207 sequamureut,
369 1135 453 1192 etiam
467 1137 492 1192 si
506 1136 562 1192 sint
573 1136 627 1192 elia
643 1135 769 1210 graviora
782 1143 867 1206 atque
875 1153 930 1192 me-

137 1211 216 1277 liora,
243 1217 334 1270 tamen
360 1231 411 1270 nos
436 1213 536 1282 eumin,
560 1223 663 1272 nostrae
682 1215 804 1269 naturae*
823 1213 928 1289 regula,

138 1293 295 1350 metiamur.
336 1291 439 1364 Neque
459 1293 534 1350 enim
560 1293 656 1350 attinet
671 1309 827 1366 repugnare
852 1302 929 1349 natu-

136 1386 186 1438 rae‚
200 1389 253 1427 neo
268 1371 419 1444 quidquam
434 1371 525 1442 sequi,
540 1370 615 1444 quod
629 1370 741 1442 assequi
758 1387 816 1426 non
830 1387 928 1442 queas.

139 1449 187 1506 Ex
204 1468 260 1522 quo
279 1451 369 1526 magis
390 1449 517 1525 emergit,
538 1449 620 1522 quale
640 1449 677 1505 sit
695 1448 828 1504 decorum
849 1449 928 1516 illud,

139 1528 213 1595 ideo,
236 1527 302 1601 quia
317 1527 389 1586 nihil
402 1527 482 1584 decet
494 1527 600 1595 inuito,
620 1535 652 1583 ut
671 1527 756 1594 aiunt,
778 1523 928 1594 Minerva,

138 1605 231 1675 idest,
247 1607 409 1665 adversante
424 1615 452 1664 et
465 1615 637 1684 repugnante
651 1613 757 1662 natura.

177 1685 304 1745 Omnino
318 1687 344 1744 si
358 1685 510 1760 quidquam
521 1696 565 1743 est
575 1685 717 1750 decorum,
729 1682 799 1740 nihil
810 1691 856 1740 est
866 1701 928 1760 pro·

138 1765 211 1823 fecto
225 1767 326 1842 magis,
341 1784 424 1838 quam
440 1765 609 1837 aequabilites
629 1763 766 1820 universae
779 1762 855 1830 vitae,
867 1771 926 1819 tum

138 1843 312 1919 singularum
331 1845 486 1910 actionum3
508 1861 592 1915 quam
606 1859 770 1900 conservare
789 1859 848 1898 nou
862 1860 926 1918 pos·

139 1921 189 1986 sis,
205 1921 230 1978 si
241 1921 358 1978 aliorum
372 1930 498 1978 uotiuum
512 1921 624 1978 imitans
639 1921 749 1979 omittas
763 1929 849 1976 tuam.
887 1919 927 1977 Ut

137 1999 215 2055 ¹onim
228 2017 358 2056 sermone
372 2017 407 2056 eo
421 1996 555 2055 debemus
568 1999 620 2067 uti,
635 2000 683 2072 qui
697 2007 778 2057 uatus
791 2007 820 2055 et
832 1999 923 2065 nohis,

398 2187 562 2238 cunnum
577 2188 668 2256 mou.

170 2315 284 2366 *modu
294 2325 381 2368 nostre
397 2327 498 2370 nature.
530 2320 585 2370 The
596 2319 668 2370 Mss.
678 2321 858 2386 vusy·between
872 2337 926 2372 noe·

136 2390 184 2442 tro,
195 2389 220 2432 et
229 2389 323 2432 nostro.
356 2383 446 2448 Biohop
457 2385 547 2434 Peuroe
558 2387 646 2434 inserts
657 2387 728 2444 both;
745 2387 793 2434 und
803 2386 825 2434 is
835 2386 926 2436 follow·
968 2419 969 2428 κ

135 2450 169 2500 od
179 2449 212 2514 by
223 2447 322 2498 Ernesti
333 2450 381 2498 und
391 2449 533 2500 Gernhord:
549 2451 601 2500 etat
611 2467 645 2500 we
656 2450 742 2500 should
756 2450 865 2526 regulum
880 2468 926 2502 mr
968 2447 969 2490 i

134 2515 248 2580 purouite
259 2515 287 2562 in
297 2515 438 2580 emsmmity
448 2523 471 2564 to
487 2531 531 2566 our
547 2532 603 2564 own
614 2523 707 2565 nature.
740 2517 802 2564 This
813 2519 924 2566 emendo
968 2533 969 2564 1

137 2581 190 2630 tiou
200 2595 300 2644 appears
311 2580 429 2644 probable.
461 2581 515 2629 One
533 2580 562 2628 os
573 2587 621 2633 two
632 2581 726 2630 similar
737 2581 823 2638 words,
834 2580 923 2632 follow-

137 2644 182 2710 ing
193 2647 253 2696 each
264 2646 338 2705 other,
350 2645 371 2694 is
382 2645 479 2694 inmost
487 2645 578 2710 danger
587 2646 616 2694 of
627 2646 700 2711 being
709 2645 809 2694 omitted
820 2647 852 2709 by
860 2653 924 2696 tmu-
968 2633 969 2700 i

138 2710 255 2760 seribere:
271 2718 316 2776 yet
321 2728 357 2760 »os
376 2716 419 2760 not
433 2727 449 2759 o
466 2710 544 2774 single
562 2709 615 2758 MS.
634 2711 679 2760 hue
699 2713 759 2760 been
770 2711 880 2760 udduoed
896 2713 924 2762 iu

138 2773 220 2822 which
230 2777 288 2826 both
299 2778 378 2826 words
389 2791 483 2838 appear,
494 2774 557 2824 their
568 2775 684 2825 insertion
695 2777 720 2824 in
732 2776 772 2825 the
783 2782 835 2825 text
844 2792 925 2826 seems

156 2843 314 2890 uwurrouted.
