1970 3278
14 1227 19 1266 Ι

14 1309 18 1346 Ι

14 1387 17 1423 Ι

14 1463 18 1504 Ι

14 1545 18 1584 Ι

14 1623 16 1660 Ι

321 209 385 259 LlB.
395 210 412 256 Ι.
431 209 502 256 CAP.
513 207 600 256 XXlX.
808 213 846 276 89

56 368 170 419 eorum,
185 351 234 424 qui
247 359 294 408 aut
306 352 420 410 libidine
434 353 535 424 aliqua,
546 361 594 408 aut
613 358 689 408 metu
711 352 844 410 commoti

57 441 136 498 sunt,
151 443 198 488 aut
220 430 360 506 voluptate
379 432 467 488 nimia
486 431 622 507 gestiunt:
648 447 766 502 quorum
786 448 845 488 orn·

52 509 137 569 nium
156 510 258 578 vultus,
274 528 368 575 voces,
383 521 485 575 motus,
501 519 643 580 statusque
656 518 803 566 mutantur.

14 569 21 606 ¹
98 587 148 646 Ex
161 588 262 661 quique
277 587 344 644 illud
358 588 520 664 intelligitur
532 586 574 664 (ut
585 586 617 644 ad
630 587 715 646 officii
727 587 844 644 sormam

54 663 241 742 revertamur)
257 667 395 740 appetitus
417 685 515 723 omnes
529 665 732 722 contrahendos
746 665 844 723 sedan·

53 743 176 816 dosque,
187 762 261 810 esse,
275 745 506 815 excitandamque
526 743 795 800 animadversionem
817 755 845 800 et

53 822 242 898 diligentiam,
257 834 288 878 ut
308 841 343 879 ne
364 823 431 894 quid
446 835 549 879 temere
564 840 596 880 ac
610 822 732 888 fortuitu,
748 822 844 880 incon-

52 900 178 957 siderate
192 899 418 975 negligenterque
433 920 558 977 agamus
601 901 702 974 Neque
716 901 793 958 enim
806 901 844 960 ite

53 979 182 1056 generati
196 991 321 1036 enatura
335 999 443 1044 sumus,
458 989 489 1036 ut
502 979 536 1036 ad
550 978 646 1040 ludum
660 991 688 1036 et
702 978 734 1035 ad
745 979 842 1054 jocum

52 1056 123 1115 sacti
142 1075 206 1114 esse
220 1056 380 1116 videamur:
404 1058 439 1115 ad
459 1059 634 1115 severitatem
649 1057 753 1133 potius,
768 1057 843 1114 etad

53 1133 185 1209 quedam
213 1135 304 1192 studia
330 1137 457 1212 graviora
490 1147 572 1208 atque
606 1137 722 1212 majora.
761 1135 843 1193 Ludo

53 1223 150 1271 autern
172 1224 200 1270 et
218 1215 286 1290 ¹joco
310 1215 351 1271 uti
373 1216 422 1272 illo
448 1215 559 1286 quidern
584 1215 666 1272 licet:
688 1213 747 1270 'sed
772 1214 844 1272 sicut
923 1269 925 1274 ,

52 1311 158 1350 somno
182 1302 210 1350 et
234 1293 374 1364 quietibus
400 1293 511 1359 ceteris,
533 1303 602 1357 tum,
624 1311 688 1350 cum
713 1292 842 1369 gravibus

53 1369 194 1440 seriisque
213 1372 295 1426 rebus
319 1371 545 1438 satisfecerimus.
587 1374 740 1446 Ipsumque
754 1387 842 1447 genus

49 1447 170 1523 jocandi
203 1466 259 1504 non
292 1449 448 1524 profusum,
475 1467 529 1511 nec
556 1447 765 1526 immodestum,
793 1447 842 1504 sed

54 1526 212 1599 ingenuum
243 1535 271 1579 et
307 1526 426 1582 facetum
459 1545 524 1582 esse
558 1525 650 1584 debet.
692 1527 733 1584 Ut
765 1527 841 1582 enim

54 1599 153 1680 pueris
176 1619 232 1656 non
254 1620 366 1657 ornnem
386 1602 499 1658 ludendi
513 1603 654 1660 licentiam
668 1603 776 1668 damus,
792 1603 841 1659 sed

14 1703 16 1738 t
54 1697 131 1746 eam,
147 1697 208 1751 quae
230 1680 263 1736 ab
286 1679 411 1737 honestis
434 1680 588 1736 actionibus
612 1699 667 1737 nnn
683 1681 719 1736 sit
733 1680 839 1736 aliena:

14 1781 15 1814 1
54 1751 100 1818 sic
127 1757 156 1814 in
184 1757 247 1834 ipso
270 1757 338 1834 joco
366 1756 478 1830 aliquod
505 1757 585 1832 probi
613 1756 718 1834 ingenii
745 1755 840 1816 lumen

14 1859 15 1890 r
52 1839 173 1896 eluceat.

96 1913 212 1991 Duplex
245 1915 361 1982 omnino
394 1921 449 1972 est'
467 1913 582 1990 jocandi
615 1899 718 1993 genus:
753 1934 839 1974 unum

54 1988 201 2059 illiberale,
228 1995 364 2069 petulans,
390 1993 571 2070 flagitiosum,
599 1995 767 2060 obscenum
802 1991 840 2052 ffl-

55 2084 148 2132 terum
174 2072 296 2148 elegans,
325 2074 470 2140 urbanum,
496 2073 684 2149 ingeniosum,
710 2073 839 2140 facetum.

56 2153 123 2218 Quo
147 2170 248 2227 genere
273 2170 329 2210 non
354 2151 439 2208 modo
466 2151 581 2210 Plautus
603 2163 707 2220 noster,
722 2153 840 2210 et'rltti·

55 2248 155 2288 corum
182 2231 294 2310 antiqua
326 2229 492 2298 comedia*
520 2229 570 2286 sed
594 2231 679 2290 etiarn
713 2231 839 2308 philoso-

55 2309 177 2386 phorum
193 2309 398 2379 Socraticorum
413 2309 476 2365 libri
490 2307 583 2366 referti
598 2320 678 2367 sunt:
694 2309 838 2383 multaque

67 2387 219 2446 multorum
246 2387 334 2443 laoete
368 2385 458 2454 dicta;
493 2393 526 2444 ut
555 2406 597 2454 ea,
624 2407 685 2462 quoe
720 2409 737 2446 a
770 2407 837 2446 sene

89 2563 104 2593 ⁸
117 2558 223 2624 almique
233 2559 352 2610 cmnoedia.
384 2559 474 2626 Living
483 2560 619 2620 characters
627 2577 690 2610 were
699 2559 840 2610 introduced

56 2625 106 2674 and
114 2626 254 2686 burlesqued
263 2643 294 2674 on
302 2626 343 2674 the
353 2631 420 2689 stage
427 2627 460 2690 by
467 2625 533 2674 these
541 2627 608 2690 early
615 2627 715 2675 writers.
747 2623 785 2676 Of
791 2624 839 2674 this

56 2689 260 2751 descriptioque
275 2689 395 2738 comedies
406 2690 435 2738 of
445 2691 619 2752 Aristophanes
630 2691 698 2738 alone
709 2689 767 2738 have
779 2690 839 2738 been

14 2771 15 2792 ³
56 2755 190 2819 preserved.
221 2753 260 2802 To
270 2753 352 2804 which
368 2755 430 2806 class
441 2755 470 2804 of
480 2756 586 2804 Cicero'r
601 2754 704 2818 epitheta
715 2754 752 2802 we
762 2754 839 2819 ought

14 2895 16 2928 l

55 2828 81 2871 tu
101 2826 178 2870 resort
197 2825 221 2867 to
240 2819 399 2868 characterize
419 2820 492 2878 these,
509 2833 583 2884 many
603 2833 701 2881 persons
720 2818 780 2867 have
800 2836 839 2868 er-

56 2887 154 2945 bressed
165 2900 197 2932 an
209 2883 305 2950 opinion
316 2885 422 2946 opposite
433 2883 514 3004 teslpis.
