1970 3272
146 187 201 244 loo
416 186 465 234 nn
483 183 636 233 onmcns.

145 405 234 464 OAP.
254 403 307 463 XI.
347 401 709 495 Benevolentiomfidem,
724 409 751 460 et
761 400 936 496 admirotio·

183 502 260 551 nem,
274 481 326 540 illo
339 481 399 540 trio
412 500 476 559 que
486 488 639 560 propoatto
651 487 722 542 sont
735 480 775 540 od
786 479 932 560 glottam,

183 561 292 629 omnio,
299 559 426 639 justitio
440 560 552 640 confici.

556 655 570 684 Ο

181 701 268 761 Esco
280 711 309 759 et
320 702 383 760 haec
396 703 483 761 animi
497 701 679 779 despicientia
692 699 934 763 admirabilitatem

143 799 274 857 magnam
293 781 373 838 iacit:
399 791 428 838 et
446 782 570 840 maxime
591 779 701 857 justitia
720 781 772 854 (ex
798 801 855 856 qua
879 802 936 842 una

146 860 247 916 virtute
271 860 325 917 viri
348 860 416 917 boni
437 855 621 948 appellantur)
641 858 761 916 mirifica
787 859 936 932 quaedam*

143 935 315 995 multitudini
341 937 465 996 videtur:
500 955 553 994 nec
579 936 690 1014 injuria.
732 937 828 996 Nemo
855 937 935 1000 enim

140 1016 235 1093 justus
255 1033 319 1073 essa
339 1026 440 1092 potest,
456 1015 504 1088 qui
524 1023 653 1082 mortem,
668 1015 718 1088 qui
732 1013 869 1087 dolorem,
885 1019 935 1092 qui

144 1095 287 1162 exsilium,
309 1093 358 1168 qui
382 1103 533 1185 egestatem
556 1094 645 1160 timet,
666 1103 714 1152 aut
734 1095 784 1168 qui
805 1114 848 1164 ea,
870 1115 934 1175 quae

144 1182 210 1230 sunt
228 1172 274 1230 his
295 1180 441 1240 contraria,
455 1173 578 1245 equitati
598 1173 751 1248 anteponit.
793 1173 935 1234 Maxime·

145 1270 200 1324 que
221 1249 390 1310 admirantur
409 1270 484 1319 eum,
500 1251 549 1324 qui
568 1251 689 1328 pecunia
708 1271 765 1310 non
785 1263 933 1314 movetur:

145 1329 222 1402 quod
240 1330 271 1388 in
290 1347 347 1402 quo
361 1329 421 1388 viro
435 1339 615 1407 perspectum
629 1329 675 1397 sit,
689 1329 765 1388 hunc
779 1329 839 1408 igni
853 1351 935 1410 speo-

144 1407 247 1471 tatuml
258 1409 433 1467 arbitrantur.
474 1409 572 1480 ltaque
584 1407 632 1465 illa
643 1407 704 1476 tria,
717 1427 779 1481 quae
790 1413 937 1486 proposita

145 1496 211 1546 sunt
231 1485 267 1546 ad
287 1487 415 1566 gloriam,
435 1487 531 1546 omnia
551 1487 661 1566 justitia
681 1488 809 1546 conficit:
838 1498 867 1547 et
888 1490 935 1547 be-

430 1745 595 1797 cHAr'rnn
609 1745 656 1795 XI.

178 1887 330 1948 *Quodam
362 1887 402 1938 On
417 1888 459 1937 the
476 1887 571 1938 authori
615 1885 646 1936 ol·
657 1884 749 1936 several
766 1882 838 1936 MSS.
853 1901 895 1939 res
913 1891 935 1941 is

145 1953 203 2003 here
214 1953 356 2003 introduced
366 1955 399 2028 by
410 1951 500 2002 Pearce
511 1953 560 2002 and
597 1950 715 2001 aceiclati.
746 1949 802 2000 Tha
812 1952 884 2004 latter
895 1958 934 2006 oh

145 2034 226 2066 serves
241 2019 294 2066 that
304 2017 329 2066 ir
341 2017 361 2066 it
377 2033 399 2065 rs
416 2024 459 2066 not
476 2017 590 2076 inserted,
600 2016 695 2066 neither
713 2017 800 2066 should
818 2019 934 2082 modom.

145 2081 208 2130 This
219 2083 276 2130 does
291 2088 335 2132 not
351 2081 438 2131 follow.
471 2081 578 2140 Quidam
593 2081 615 2130 is
631 2081 697 2132 osten
714 2083 839 2143 admitted,
850 2085 883 2150 hy
894 2087 935 2136 the

145 2145 220 2195 Latin
231 2147 314 2206 idiom,
331 2163 358 2196 aa
370 2144 408 2200 ele
419 2146 447 2194 in
462 2147 553 2206 Greek,
563 2147 666 2197 without
677 2163 726 2212 any
738 2147 837 2198 definite
853 2165 935 2201 mean»

145 2211 172 2260 in
190 2246 196 2259 .
229 2211 260 2259 In
280 2212 321 2260 the
336 2211 385 2260 last
399 2211 498 2274 chapter
514 2213 558 2262 but
573 2229 632 2272 one;
647 2212 714 2262 oliae
730 2228 819 2277 quoque
836 2215 936 2279 puidam

51 2327 54 2334 ¹
178 2277 229 2324 itus
246 2275 279 2323 ad
294 2275 646 2343 multitudinem-“Cognovi
662 2293 840 2342 praeproperam
861 2295 935 2344 quan-

146 2341 203 2390 dam
217 2340 397 2390 festinationem
412 2343 504 2391 tuam?
537 2341 583 2406 Ep.
599 2345 630 2393 ad
646 2343 802 2393 Fam.vii.8.
834 2345 935 2396 “Vintu-

145 2413 196 2456 tem
206 2407 300 2465 duram,
311 2413 336 2456 et
348 2408 420 2470 plausi
435 2409 538 2457 ferream
549 2411 679 2471 quandam,
689 2424 742 2458 esse
757 2408 864 2458 volunt.”
896 2412 936 2462 On

146 2473 187 2522 the
198 2471 269 2521 latter
279 2489 389 2538 passage,
400 2487 415 2522 a
425 2480 481 2522 note
493 2473 522 2522 of
534 2473 653 2524 Ernesti's
664 2477 807 2534 observes,.“
814 2475 936 2538 mundum

147 2546 185 2588 est
200 2537 307 2587 alienum
324 2540 354 2588 ab
369 2539 393 2587 h.
404 2539 420 2587 l.
435 2538 559 2602 delerique
575 2555 633 2589 cnm
649 2540 769 2589 Gravicl’
802 2539 827 2588 lt
838 2541 859 2588 is
870 2549 896 2592 te
906 2543 935 2591 ba

147 2605 268 2668 regretted
289 2604 361 2653 when
378 2604 468 2653 editors
484 2604 541 2652 thus
560 2611 653 2668 temper
668 2605 729 2654 with
746 2603 810 2653 their
828 2607 934 2656 author's

147 2675 205 2727 text,
215 2685 247 2718 on
254 2685 286 2718 no
294 2670 371 2719 better
381 2671 478 2736 ground
488 2670 548 2720 than
558 2670 621 2720 their
632 2687 688 2721 own
698 2685 830 2720 erroneous
838 2672 934 2722 nonnus

147 2733 177 2782 of
182 2734 364 2798 improvement

179 2797 190 2849 i
207 2799 266 2874 [ἐπὶ
282 2808 421 2865 spectatum.
453 2800 490 2849 As
501 2800 571 2866 gold:
588 2805 602 2829 ‘⁴
609 2799 706 2850 Scilicet
716 2805 744 2849 ut
759 2798 853 2850 lirlvum
868 2817 932 2868 spec·

147 2865 212 2910 tatur
223 2879 250 2912 m
261 2865 360 2930 ignibus
371 2867 482 2917 aunum.”
515 2865 585 2916 Ovid.
594 2865 670 2916 Trist.
681 2865 722 2916 lib.
733 2864 749 2915 i.
760 2880 782 2916 v.
792 2863 831 2915 25.
