1970 3278
247 1 473 13 *ww-ff*
532 1 548 3 ⁷.
554 1 566 4 ,⁷

178 213 218 272 74
395 261 397 265 ,
459 206 507 258 on
524 206 677 257 orrrcrrs.

36 362 37 370 ’
84 399 87 413 .
181 365 235 424 est,
249 364 280 413 ut
290 351 416 410 imbelles
429 350 575 421 timidique
593 350 746 406 videamur.
789 346 857 406 Sed
874 348 980 426 fngier

181 435 249 493 dum
270 431 354 488 etiarn
369 429 447 497 iilud,
463 448 498 486 ne
512 428 674 491 oderamus,
686 445 737 483 nos
758 428 909 502 periculis
927 430 980 484 sins

139 546 142 551 <
181 527 298 576 caussas
319 527 376 580 quo
390 527 453 565 esse
468 506 538 564 nihil
553 517 645 582 potest
658 505 779 562 stultius.
825 507 980 583 Quaprop

181 600 224 648 ter
236 588 266 645 in
279 586 414 644 adeundis
429 585 560 662 periculis
575 582 748 641 consuetudo
764 584 917 643 imitanda
933 602 981 642 rne·

181 667 306 725 dicomrn
321 675 374 732 est,
389 667 437 737 qui
452 664 551 722 leviter
561 674 724 738 egrotantes
738 662 846 720 leniter
863 675 979 722 cirrant:

181 743 353 822 gravioribus
365 753 457 800 autern
472 741 576 800 morbis
590 740 761 815 periculosae
770 743 946 800 curationes
959 750 979 797 et

7 818 32 898 χ’·
82 844 83 847 ’
182 819 318 897 ancipites
333 821 463 879 adhibere
486 831 631 895 coguntur.
674 818 778 883 Quare,
794 819 826 875 in
842 820 978 893 tranquil·

180 900 220 968 lo,
235 911 429 975 tempestatem
449 897 594 958 adversam
616 906 721 972 optare,
746 894 900 956 dementis
924 912 975 960 estt

7 949 9 993 ?
50 972 58 985 '
79 1016 81 1019 -
183 979 331 1037 subvenire
345 989 438 1035 sutem
453 976 610 1052 tempestati
621 977 719 1046 quavis
731 975 856 1044 ratione,
869 979 974 1055 sapien·

182 1057 234 1115 tie:
256 1074 346 1127 eoque
360 1057 460 1132 magis,
475 1056 500 1112 si
515 1055 578 1130 plus
596 1053 761 1128 adipiscare,
778 1071 808 1110 re
825 1058 972 1132 eriplicstr,

182 1134 258 1202 honi,
271 1153 353 1206 quarn
362 1133 527 1199 addubitata,
535 1133 629 1189 maii*
648 1130 821 1189 Periculosae
831 1147 972 1193 autemre

182 1213 374 1271 rumectiones
383 1213 484 1288 partim
494 1213 527 1268 iis
535 1222 609 1277 sunt,
619 1210 666 1281 qui
677 1229 724 1266 eas
731 1210 912 1287 suscipiunt,
923 1232 972 1290 par·

183 1291 233 1350 tim
247 1291 288 1348 rei
302 1291 431 1366 publice.
471 1290 598 1361 Itemque
614 1289 660 1354 aiii
675 1287 709 1345 de
721 1288 787 1354 vita,
803 1292 856 1348 alii
874 1293 911 1350 de
925 1293 972 1369 gio·

181 1370 223 1427 ria
237 1379 264 1426 et
277 1369 472 1427 benevolentia
491 1369 594 1424 civium
610 1368 638 1424 in
660 1367 814 1425 discrimen
830 1385 970 1430 vocantur.

183 1447 355 1506 Promtiorcs
370 1448 454 1524 igitur
467 1445 601 1503 debemus
617 1445 695 1507 esse†
709 1445 742 1502 ed
755 1458 855 1505 nostra
871 1452 971 1526 pericu·

182 1525 220 1594 le,
235 1545 318 1598 quarn
333 1525 368 1583 ad
381 1525 551 1589 communia,
567 1523 755 1596 dimicareque
770 1529 919 1604 paratiusss
945 1528 970 1585 de

183 1605 290 1664 honore
305 1617 333 1664 et
345 1602 443 1682 gloria,
459 1623 541 1676 quarn
557 1602 591 1660 de
605 1605 704 1659 ceteris
722 1607 901 1664 commodis.

221 1684 331 1751 Inventi
354 1696 445 1742 autem
460 1682 628 1748 multisunt,
644 1682 763 1753 quinon
784 1684 878 1742 modo
898 1705 970 1762 pecu·

214 1841 229 1872 2
240 1839 271 1887 ut
278 1839 444 1904 ptus-enati:
456 1839 481 1906 if
491 1855 538 1914 pou
544 1839 634 1899 receive
646 1853 709 1886 more
721 1836 808 1899 benedt
817 1838 849 1904 hy
861 1846 969 1891 termino·

181 1903 237 1968 ἤνις
247 1903 285 1950 the
298 1904 379 1964 affair,
392 1905 450 1952 than
460 1903 513 1961 euri,
525 1902 679 1967 hydringieg
690 1905 708 1950 it
720 1904 770 1950 into
781 1903 891 1954 hozord.
925 1907 969 1954 The

182 1982 225 2016 use
243 1967 274 2014 of
284 1967 411 2031 explicare,
422 1969 448 2015 in
460 1968 500 2014 the
512 1983 581 2014 sense
601 1968 631 2014 ot'
645 1968 801 2032 completing,
819 1969 969 2036 liquidating,

182 2030 347 2095 termineting,
358 2031 380 2079 is
390 2039 433 2080 not
444 2031 587 2092 infrequent
620 2037 634 2060 ⁸⁸
641 2032 700 2080 Peto
711 2049 726 2080 o
737 2038 761 2080 te
773 2038 800 2080 ut
811 2035 871 2098 ejus
879 2037 968 2103 negon'r

181 2093 286 2156 explices
297 2101 322 2142 et
332 2097 452 2158 expedies,
463 2103 515 2144 tum
541 2111 584 2143 ure
595 2102 620 2143 et
630 2104 754 2158 potestate,
766 2103 820 2145 tum
832 2100 912 2150 etism
923 2119 967 2151 ruo

181 2157 277 2208 toritete
288 2165 313 2206 et
324 2160 424 2209 consilio
435 2167 484 2208 tuo.
517 2113 563 2221 dp.
574 2159 596 2208 F
596 2177 642 2208 um.
655 2162 705 2210 xiii.
717 2161 755 2209 26.
817 2189 820 2196 ι

213 2223 226 2274 i
242 2222 480 2274 Premtioree-esse.
512 2225 567 2273 The
596 2225 776 2289 interpretation
799 2227 887 2278 which
910 2248 968 2281 some

181 2294 369 2338 commentatore
386 2290 446 2339 hore
462 2297 506 2353 put
516 2307 547 2338 on
558 2290 607 2338 this
620 2308 722 2356 mssogo
740 2307 845 2354 appears
856 2302 883 2344 to
895 2298 923 2345 be
934 2298 967 2345 the

181 2351 258 2401 direct
267 2354 375 2415 opposite
385 2355 415 2403 cf
425 2355 457 2403 its
471 2356 597 2420 meoning3
612 2357 693 2404 which
704 2358 733 2416 is,
744 2357 797 2404 thet
812 2357 858 2405 We
866 2363 940 2426 ought
950 2369 968 2408 to

181 2415 208 2464 he
219 2432 283 2466 more
293 2418 368 2483 ready
379 2426 402 2468 to
413 2427 539 2469 encounter
548 2420 643 2484 danger
650 2421 778 2479 ceruices,
786 2420 847 2470 than
857 2431 881 2472 to
890 2442 967 2490 etpost

181 2489 204 2532 tc
216 2481 310 2547 danger
321 2483 358 2531 the
366 2483 448 2549 public
460 2484 527 2533 rocol.

213 2547 224 2601 t
235 2547 362 2597 Perottus.
394 2550 435 2598 On
443 2551 484 2599 the
495 2549 617 2613 uudrority
628 2550 658 2598 of
669 2567 715 2598 one
726 2548 779 2598 MS.
790 2549 815 2597 J.
827 2549 857 2598 F.
867 2553 967 2604 Heusin

212 2629 225 2663 r
246 2610 328 2672 recds,'
342 2615 451 2679 parcius.
483 2613 538 2662 Tho
560 2621 655 2676 present
677 2614 785 2678 reading,
808 2622 919 2668 restored
940 2623 966 2684 by

219 2679 316 2737 rrtherd,
328 2679 349 2728 ir
360 2680 474 2743 prohchly
486 2685 585 2726 correct.
617 2679 699 2728 Those
711 2694 810 2742 persone
821 2696 865 2728 ere
876 2684 967 2734 blamed

181 2742 237 2791 who
255 2743 333 2806 prefer
343 2743 406 2794 their
418 2760 473 2793 own
485 2742 620 2805 reputation
631 2751 656 2791 to
667 2745 729 2792 their
743 2747 870 2807 country's
887 2750 968 2815 sosety.

182 2803 272 2855 Fabius
290 2808 423 2863 Cunctator
443 2808 465 2857 is
484 2807 650 2865 commended,
670 2808 732 2870 “qui
748 2823 796 2856 non
816 2813 968 2869 ponsbetru.

182 2881 262 2919 nores
272 2879 329 2921 ente
340 2873 467 2922 edutem.”
483 2871 539 2922 The
549 2872 709 2933 expressione,
717 2871 834 2920 dimicare
842 2873 873 2922 de
882 2878 969 2940 glorio,
