1970 3272
326 222 391 272 LlB.
400 221 433 270 11.
450 221 523 271 chr.
534 221 564 270 X.
783 227 839 282 159

52 361 212 430 instructos,
224 380 273 422 eos
287 373 469 424 contemnunt
479 363 593 437 quidem
604 363 775 436 neutiquam,
788 365 839 422 sed

51 437 86 498 de
104 441 150 498 his
169 441 244 500 male
265 443 436 501 existiment.
476 444 569 509 Quam
591 444 628 500 ob
646 453 839 510 remutatus

51 517 119 587 dixi,
132 529 350 579 contemnuntur
363 522 393 588 ii,
405 521 454 592 qui
469 531 488 557 ‘⁶
497 540 550 578 neo
564 522 628 589 sibi,
642 539 696 579 neo
710 519 839 587 alteri‚''*

50 607 80 656 ut
93 598 213 666 dieitur3
234 599 265 656 in
279 599 380 672 quibus
394 599 487 656 nullus
500 600 588 667 labor,
602 599 679 658 nulle
692 599 838 668 industria,

48 676 124 734 nulls
137 687 271 734 curaest.
419 678 431 697 “

85 753 282 814 Admiratione
304 753 397 813 autem
418 754 589 818 afficiunturt
607 755 638 823 ii,
661 756 709 827 qui
732 755 846 814 anteire

48 833 149 890 ceteris
170 833 273 892 virtute
293 843 434 911 putentur,
448 843 477 891 et
495 851 560 891 oum
580 833 657 891 omni
678 851 771 892 carere
792 835 839 894 de·

48 908 159 978 decore.
174 919 236 968 tum
255 931 322 970 vero
341 913 377 970 iis
397 913 483 980 vitiis,
499 913 600 985 quibus
620 912 668 969 alii
687 931 744 971 non
757 913 839 970 facile

47 999 171 1064 possunt
181 991 326 1049 obsistere.
355 991 430 1049 Nem
442 989 838 1067 etvoluptates‚blnndissimae

48 1065 180 1137 dominre,
190 1069 312 1145 majores
319 1079 412 1146 partes
421 1070 649 1144 animissavirtute
657 1068 838 1142 detorquent;

47 1155 76 1202 et
86 1144 217 1205 dolomm
228 1165 293 1206 eum
304 1147 487 1206 admoventur
498 1147 599 1222 laces,§
612 1157 711 1224 praeter
721 1147 837 1206 modum

47 1223 175 1299 plerique
205 1235 386 1284 exterrentur.
426 1227 501 1294 Vita,
522 1243 609 1292 mors,
632 1225 744 1294 divitie,
770 1245 838 1303 pau·

47 1311 151 1376 pertas,
160 1322 260 1362 omnes
269 1303 400 1362 homines
411 1303 656 1362 vehementissime
663 1315 837 1379 permovent.

48 1379 118 1446 Quae
146 1383 196 1456 qui
224 1383 254 1440 in
279 1392 425 1455 utramque
452 1384 575 1458 pertemll
600 1382 714 1439 excelso
742 1383 837 1440 animo

47 1475 207 1536 magnoque
232 1460 401 1536 despiciunt,
427 1478 492 1517 cum
517 1460 610 1530 aliqua
629 1459 674 1517 his
697 1461 790 1535 ampla
809 1471 838 1518 et

47 1535 167 1596 honesta
187 1557 233 1594 res
255 1539 364 1614 objecta
383 1547 436 1604 est,
451 1547 524 1594 totos
546 1536 581 1595 ad
603 1555 634 1594 se
655 1539 790 1594 convertit
809 1548 838 1594 et

48 1618 129 1690 rapit.
146 1647 153 1658 ·
171 1615 249 1672 Tum
286 1615 350 1687 quis
384 1632 441 1671 non
475 1614 625 1671 admiretur
657 1614 836 1689 splendorem

48 1691 344 1768 pulchritudinemque
357 1691 488 1748 virtutis?
547 1719 549 1723 v

79 1853 95 1884 '¹
111 1848 275 1900 Nee-ottert.
306 1847 361 1897 Tho
376 1847 460 1910 ellipse
475 1847 496 1896 ie
512 1846 577 1896 filled
592 1862 626 1910 up
641 1845 668 1895 in
683 1847 774 1896 several
795 1861 836 1896 nn.

48 1905 114 1964 cient
124 1915 236 1972 editions,
247 1914 340 1978 though
350 1913 514 1962 unneeesseril
532 1947 538 1972 ,
550 1913 583 1977 by
595 1918 705 1978 prosunt.
737 1910 836 1962 Feoeio-

47 1980 97 2090 md
107 1985 229 2092 ffiggmts,
245 1976 343 2038 volem
358 1979 441 2029 which
457 1995 496 2029 wo
521 1978 537 2027 d
554 1977 643 2027 extend
658 1983 684 2027 to
699 1977 756 2027 both
773 1979 837 2044 good

47 2061 80 2093 rm

80 2108 91 2160 l
108 2107 462 2170 Admiratione-officiuntur:
477 2114 566 2157 attraet
576 2106 730 2156 admiration.

79 2173 91 2226 1
107 2172 202 2222 Animi.
234 2173 349 2238 “Majore
365 2189 396 2222 ex
411 2179 486 2237 perte,
498 2173 608 2224 snlmum
624 2189 640 2222 s
654 2173 743 2223 virtute
758 2173 836 2222 detor-

47 2239 146 2301 quent?
177 2237 201 2288 J.
212 2238 248 2288 M.
260 2239 407 2302 Heusinger.

79 2303 93 2362 d
110 2303 195 2353 Faces.
227 2304 289 2352 This
311 2303 332 2351 is
349 2319 381 2351 nn
397 2302 499 2351 allusion
516 2308 541 2352 to
560 2303 602 2352 the
623 2301 716 2352 Furios.
748 2308 764 2333 ‘⁶
770 2303 835 2351 Cum

47 2368 149 2428 dolores,
160 2369 228 2432 qussi
239 2368 329 2428 Furiae,
339 2368 405 2416 feces
415 2368 560 2418 intentent.”
591 2367 615 2418 J.
626 2368 662 2417 M.
673 2368 820 2432 Heusinger.

80 2433 91 2489 ΙΙ
109 2433 142 2481 In
149 2441 274 2498 mumque
282 2440 385 2498 parterm
417 2433 503 2481 Either
513 2433 576 2483 their
584 2434 720 2497 possession
731 2449 758 2482 or
772 2431 837 2480 their

48 2498 166 2555 ebsenoe3
182 2516 209 2548 so
220 2515 255 2548 es.
265 2505 308 2547 not
318 2504 344 2548 to
355 2499 384 2546 be
400 2498 503 2548 anxious
513 2506 538 2549 to
554 2499 632 2549 retain
649 2499 690 2548 life
701 2515 728 2548 or
739 2495 836 2552 wanlin,

47 2577 93 2612 nor
102 2561 188 2612 femfirl
196 2563 226 2614 of
231 2563 303 2614 deoth
313 2579 341 2613 or
350 2570 455 2628 poverty.
