1978 3268
118 211 176 268 272
402 212 449 260 DE
465 210 618 260 omens.

119 371 197 419 vum,
218 361 265 410 eut
285 361 423 410 mortuum
443 351 609 428 Jugurthem
631 368 662 408 se
684 351 713 408 in
733 359 909 427 potestatem

119 432 218 507 populi
240 431 360 488 Romani
380 431 517 488 datumm.
557 430 654 502 Itaque
674 429 762 488 lactus
783 440 829 487 est
856 431 908 488 ille

119 509 232 582 quidem
257 509 365 576 consul,
391 508 443 566 sed
463 527 480 564 e
499 507 555 566 fide
572 508 735 585 justitiaque
761 507 907 577 discessit,

121 587 169 660 qui
189 586 327 661 optimum
341 596 369 644 et
389 587 587 664 gravissimum
608 586 709 652 civem,
725 587 806 662 cujus
828 587 907 663 legn-

119 674 175 730 tus,
190 675 219 721 et
232 683 249 720 a
262 669 322 736 quo*
337 666 441 723 missus
461 674 547 732 esset,
562 665 593 722 in
611 664 745 722 invidiam
765 663 837 722 falso
851 665 907 723 cri·

121 742 197 799 mine
212 741 367 800 adduxerit.

160 819 207 878 Ne
231 831 327 878 noster
350 821 464 893 quidem
487 819 686 878 Gratidianus*
710 818 805 878 officio
834 821 906 880 boni

120 897 173 954 viri
198 897 309 956 iunctus
332 909 375 956 est
395 909 464 965 tum,
493 916 558 954 oum
585 909 686 972 praetor
713 908 797 966 esset,
818 899 905 956 eolle-

119 976 254 1052 giumque
282 987 428 1052 praetorum
450 975 553 1032 tribuni
575 976 664 1050 plebis
685 975 906 1048 adhibuissentl

105 1079 107 1081 ·
120 1065 152 1112 ut
165 1074 209 1112 res
224 1055 350 1111 numeria
363 1053 397 1110 de
413 1053 557 1110 communi
571 1055 709 1110 sententia
721 1055 905 1114 constituere·

120 1141 173 1188 tur.
215 1131 233 1188 J
235 1132 373 1188 aotabatur
385 1131 463 1188 enim
476 1131 648 1206 temporibus
657 1132 712 1188 illis
724 1151 837 1198 numus,
850 1134 903 1202 sio,

120 1219 151 1266 ut
165 1227 248 1266 nemo
262 1219 361 1284 posset
371 1209 453 1276 seire,
469 1208 537 1281 quid
550 1209 673 1266 haberet
691 1223 696 1230 ·
716 1209 904 1287 Conscripse-

120 1297 184 1344 runt
205 1287 390 1345 eommuniter
410 1287 533 1344 edictum
555 1305 619 1344 eum
633 1298 811 1362 prensatque
827 1289 904 1365 judi·

120 1366 165 1422 oio
176 1369 201 1438 ;‡
221 1366 487 1436 constitueruntque,
503 1376 533 1422 ut
553 1383 651 1422 omnes
671 1366 756 1422 simul
771 1367 800 1424 in
813 1377 903 1425 rostra

119 1455 185 1520 post
208 1443 353 1504 meridiem
375 1443 582 1515 escenderent.§
624 1443 663 1500 Et
682 1445 767 1500 ceteri
788 1445 901 1516 quidem

118 1523 190 1579 alius
219 1522 295 1579 elio:
318 1523 427 1579 Marius
455 1541 472 1578 a
491 1520 632 1578 subselliis
653 1521 682 1578 in
708 1531 796 1578 rostra
816 1536 900 1592 reete,

119 1599 204 1672 idque
215 1599 290 1672 quod
305 1600 490 1657 communiter
503 1599 691 1673 compositum
712 1600 809 1668 luerat,
824 1602 901 1659 solus

112 1678 218 1735 edixit.
260 1678 300 1736 Et
319 1697 353 1735 ea
372 1697 427 1744 res,
445 1679 471 1735 si
492 1677 604 1748 queris,
625 1678 652 1734 ei
676 1697 779 1754 magno
802 1680 902 1738 honori

119 1755 181 1813 suit.
223 1755 363 1814 Omnibus
385 1757 454 1814 vicis
476 1765 595 1812 statuae:
618 1755 651 1812 ad
672 1774 730 1821 ees,
745 1767 800 1823 tus,
815 1759 898 1816 cerei.

120 1833 197 1900 Quid
227 1835 337 1892 multat
373 1835 468 1894 Nemo
495 1851 619 1904 unquam
647 1833 817 1892 multitudini
852 1835 903 1894 suit

119 1930 220 1970 canor.

161 1990 232 2046 Haeo
259 1999 334 2057 sunt,
362 2009 424 2062 quae
451 1991 616 2048 conturbant
642 1991 672 2047 in
707 1989 903 2051 deliberatione

119 2085 342 2140 nonnumquam,
364 2087 429 2126 oum
450 2069 489 2137 id,
510 2069 541 2126 in
562 2087 618 2142 quo
638 2068 758 2126 violetur
777 2071 902 2143 equites,

151 2221 167 2254 ⁸
186 2219 355 2272 Gratidianus.
370 2225 405 2273 iii.
416 2225 453 2284 16,
464 2231 520 2274 note
532 2225 569 2274 11.

152 2284 170 2337 †¹
181 2285 371 2337 Adbibuissent:
387 2290 436 2337 bad
446 2290 583 2338 ‘submitted
594 2289 635 2337 the
651 2289 746 2354 subject
757 2296 782 2338 to
793 2290 834 2339 the
845 2307 903 2354 pre·

119 2356 512 2480 minianenses-nes.
549 2416 904 2484 wutettterfiseupmuta

120 2495 150 2528 ort
161 2482 346 2540 emrtrueetttion,
353 2497 379 2530 or
387 2497 403 2528 a
406 2482 521 2545 powerof
526 2480 645 2546 bringing
651 2481 688 2530 tlte
695 2483 842 2544 &eudemo
849 2483 905 2533 trial

120 2543 353 2668 befdwbiibrtpdfflit.
384 2609 438 2658 One
456 2607 509 2656 Me.
527 2609 571 2658 bas
590 2609 647 2658 here
664 2610 810 2661 wrederent.
842 2612 906 2664 Most

121 2670 192 2722 MSS.
207 2674 384 2724 descenderem.
416 2674 453 2722 As
464 2673 513 2721 this
528 2673 609 2722 would
620 2689 718 2737 express
736 2678 835 2725 deseent
844 2677 905 2726 from

118 2736 162 2785 the
172 2738 253 2786 forum
264 2739 316 2789 into
326 2741 368 2789 the
378 2745 463 2797 rostro,
472 2739 574 2803 direetly
586 2745 700 2803 eonnmy
711 2746 737 2788 to
747 2741 788 2790 the
799 2741 855 2801 fuet,
865 2742 904 2791 tlre

120 2808 217 2856 present
228 2805 329 2869 reading
344 2805 366 2854 is
377 2803 478 2867 edopled
489 2805 522 2869 by
534 2802 640 2862 Ernesti,
650 2821 678 2852 ns
689 2804 743 2853 well
758 2822 785 2854 es
796 2807 829 2870 by
839 2805 862 2855 J.
877 2805 904 2856 F.

130 2861 267 2928 'loningen
