1970 3278
112 227 180 286 ,186
407 227 456 277 DE
473 225 626 278 cantens.

121 373 276 449 sapientie.
317 370 462 447 Sapientia
482 381 575 429 autem
594 377 648 438 est,
670 366 714 448 (ut
732 387 750 426 a
769 370 921 430 veteribus

57 449 60 464 '
121 450 301 528 philosophis
329 447 474 507 delinitum
502 447 560 528 est)
583 467 677 508 rerum
701 447 864 508 divinarum
891 459 922 507 et

122 531 317 593 humanarum,
338 545 567 600 caussarumque,
589 528 690 600 quibus
715 527 759 584 hae
781 545 827 584 res
848 547 921 586 con·

58 647 61 656 ‚
122 609 254 675 tinentur,
277 606 412 667 scientia:
443 607 523 683 cujus
546 606 669 663 studium
691 605 740 678 qui
762 605 918 682 vituperat,

122 685 196 744 haud
210 703 278 742 sane
293 685 430 762 intelligo,
446 685 580 758 quidnam
595 685 642 751 sit,
651 683 726 757 quod
740 683 918 742 laudandum

143 772 210 820 utet.

122 783 142 842 p
163 841 238 900 Nam
252 842 313 899 aive
327 841 474 900 oblectatio
490 841 621 914 queritur
636 840 723 897 animi
743 841 916 914 requiesque

123 939 268 988 curarum
290 939 352 992 quae
367 921 487 977 conserti
501 939 566 976 cum
580 937 678 976 eorum
692 917 794 976 studiis
810 929 916 994 potest,

123 999 173 1072 qui
200 1017 312 1056 semer
339 998 443 1070 aliquid
469 998 628 1070 anquirunt,
653 996 728 1069 quod
752 1009 865 1073 spectet
889 1009 917 1054 et

123 1077 213 1134 valeat
240 1018 281 1136 nd
302 1078 373 1134 bene
396 1079 531 1148 beateque
556 1075 728 1132 vivendum?
757 1077 819 1133 sive
845 1077 916 1133 ratio

123 1156 285 1213 constantie
306 1155 470 1227 virtutisque
491 1153 638 1221 ducitur3*
659 1163 705 1211 aut
725 1153 785 1210 haec
800 1173 845 1212 ars
861 1165 915 1220 est,

95 1251 98 1263 ¹
121 1245 171 1292 aut
196 1235 272 1292 nulla
299 1233 424 1297 omnino,
452 1251 504 1308 per
530 1251 613 1304 quam
642 1250 690 1288 eas
707 1250 917 1305 ¹assequamur.

124 1311 240 1370 Nullam
256 1311 347 1370 dicere
360 1311 544 1368 maximarum
557 1329 649 1367 rerum
662 1320 749 1368 artem
761 1329 836 1378 esse,
848 1329 914 1368 curn

124 1391 303 1448 minimarum
315 1389 377 1447 sine
389 1401 445 1446 arte
457 1389 534 1446 nulla
544 1389 590 1454 eit,
601 1389 747 1446 hominum
760 1400 804 1446 est
815 1407 915 1465 parum

125 1469 298 1528 considerate
318 1468 503 1540 loquentium,
525 1476 607 1538 atque
628 1467 657 1524 in
677 1467 810 1526 maximis
832 1468 914 1524 rebus

124 1549 286 1606 errantium.
327 1547 360 1604 Si
370 1557 462 1604 autem
472 1545 615 1618 estaliqua
626 1543 776 1620 disciplina
786 1545 914 1613 virtutis;

124 1628 174 1686 ubi
199 1645 233 1684 ea
257 1635 404 1700 queretur,
430 1644 494 1683 oum
520 1625 553 1682 ab
579 1623 786 1698 hocidiscendi
812 1643 915 1700 genere

53 1733 59 1748 ·
125 1705 311 1764 discesseris?
352 1704 410 1762 Sed
436 1705 506 1768 haec,
535 1720 612 1760 cum.
634 1701 670 1760 ad
702 1701 914 1779 philosophiam

125 1785 314 1850 cohortamur,
330 1784 482 1840 accuratius
497 1780 632 1857 disputari
646 1779 752 1838 solent:
769 1781 846 1853 quod
860 1781 915 1838 alio

126 1862 247 1933 quodam
277 1861 362 1923 librol
387 1861 517 1918 fecimus.
567 1857 633 1934 Hoc
663 1869 756 1916 autem
788 1869 914 1936 tempore

125 1947 233 1997 munim
259 1940 341 1996 nobis
369 1937 564 1995 declarandum
591 1936 653 2005 suit,
681 1955 731 1994 cur
757 1938 847 1996 orbati
873 1937 914 1994 rei

126 2017 245 2092 publice
256 2015 530 2076 muneribusadhoc
540 2034 593 2074 nos
602 2015 724 2074 studium
734 2015 913 2092 potissimum

126 2093 354 2152 contulissemus.

414 2321 575 2370 CHAPTER
591 2321 624 2369 ll.

159 2453 174 2486 ⁸
195 2449 344 2514 tendoque
361 2449 466 2512 docitqr.
498 2449 625 2498 Rofiacum
642 2448 749 2513 alicujus
766 2446 862 2507 docnt,
872 2447 916 2496 has

125 2517 169 2566 the
180 2532 247 2565 seme
258 2515 375 2581 meaning
386 2533 412 2564 as
423 2517 540 2565 rationem
551 2513 643 2564 hahere.

160 2581 173 2633 l
189 2579 246 2630 Alio
264 2580 365 2644 qaudam
383 2580 449 2629 libro.
481 2580 505 2627 A
523 2579 644 2644 marginal
655 2584 712 2638 uota
724 2577 750 2626 in
761 2592 808 2626 one
820 2575 875 2625 MS.
886 2592 917 2625 on

127 2645 177 2693 this
193 2663 249 2708 pass
311 2645 434 2695 intimatos
449 2645 503 2692 thet
514 2644 555 2692 the
566 2645 629 2694 boolr
640 2645 697 2693 thus
709 2642 815 2692 referred
832 2649 858 2690 to
868 2657 918 2691 was

127 2709 248 2759 inscribed
288 2712 415 2769 emendae,
425 2709 589 2759 unfortunatel
617 2711 670 2758 lost.
702 2709 737 2757 st
747 2707 883 2772 Angustia,
893 2707 919 2755 iu

126 2772 167 2820 his
178 2775 333 2834 confessionis,
344 2776 384 2825 lib.
396 2775 430 2825 iii.
442 2791 462 2824 o.
473 2773 497 2834 4,
507 2773 564 2824 thus
608 2775 667 2823 udes
678 2780 704 2822 to
715 2773 746 2821 it:
779 2778 794 2801 ‘⁸
802 2771 848 2820 Ille
858 2771 919 2821 liber

127 2839 231 2886 mutavit
241 2839 356 2891 affectum
368 2847 493 2901 meumst
509 2839 539 2888 ad
555 2846 579 2888 te
591 2839 678 2901 ipsum,
690 2836 805 2895 Domine,
815 2837 920 2886 mutarit

128 2911 211 2956 Ρῐθῡθ·
222 2917 289 2952 meas
295 2921 303 2961 ς
318 2913 343 2956 et
353 2915 416 2967 vota,
426 2923 456 2958 oc
466 2903 584 2955 desideria
595 2919 650 2952 mea
660 2902 719 2952 fecit
729 2901 801 2950 nlia.”
