1970 3272
315 228 380 276 LIII.
391 228 423 276 II.
436 225 513 277 ΟΔΡ.
520 227 590 276 VIII.
802 229 854 284 lfil

63 371 150 430 rhum
163 369 363 429 contulerunt!
384 369 479 437 Quid!
501 369 742 436 Lacedaemonios‚
754 368 857 446 injuste

64 451 247 526 imperantes,
262 467 356 508 nonne
376 459 491 526 repente
505 467 605 506 omnes
620 448 677 506 sere
692 447 764 506 socii
778 447 858 505 dese·

64 530 209 595 ruerunt,*
231 537 459 604 spectatoresque
488 546 519 585 se
540 528 647 586 otiosos
681 528 859 605 praebuerunt

66 607 222 666 Leuctricae
237 607 422 666 calamitatist

67 781 158 840 GAP.
177 780 262 840 VIII.
281 779 458 860 Reipublicae
470 779 613 840 Romana
626 779 753 860 eaemplo
765 787 859 842 osteo·

121 859 167 920 dit
180 859 286 938 quibas
300 860 405 919 mediis
420 859 529 920 coritas
544 858 694 918 coactiost
708 867 805 938 queat.

107 1017 257 1076 Exrnrum
275 1018 408 1076 libentius
423 1019 452 1076 in
466 1017 515 1076 tali
529 1035 570 1086 re,
586 1035 671 1090 quam
692 1016 857 1086 domestica,

67 1096 208 1156 recordor.
248 1097 357 1156 Verum
384 1107 478 1155 tamen
513 1115 599 1170 quam
626 1095 675 1154 diu
707 1097 859 1173 imperium

68 1175 167 1252 populi
181 1175 304 1235 Romani
317 1177 463 1235 beneficiis
477 1177 632 1241 tenebatur,
647 1193 705 1233 non
725 1176 836 1252 injuriis
848 1195 858 1244 3

69 1255 143 1312 bella
163 1264 211 1313 aut
230 1274 281 1332 pro
302 1256 399 1322 sociis,
415 1264 462 1311 aut
475 1253 510 1311 de
530 1254 652 1330 imperIo
672 1255 857 1330 gerebantur3

69 1334 161 1392 exitus
174 1344 252 1392 erant
265 1334 401 1392 bellorum
411 1342 457 1390 aut
467 1332 561 1398 mites,
570 1333 774 1389 autnecessarii
782 1334 805 1401 ;†
817 1351 859 1392 re·

70 1413 334 1490 gum‚populorum‚
344 1412 489 1470 nationum
501 1419 598 1486 portus
608 1419 667 1468 erat
675 1411 858 1488 etrefugium‚

70 1502 203 1559 senatun
225 1492 313 1549 nostri
328 1500 421 1547 autem
433 1489 609 1564 magistratus
619 1489 858 1564 imperatoresque

69 1587 106 1628 ex
120 1571 173 1628 hac
185 1588 243 1627 una
255 1586 285 1626 re
299 1569 453 1625 maximam
465 1566 577 1624 laudem
589 1584 688 1642 capere
702 1566 859 1636 studebant,

69 1650 95 1706 si
109 1647 280 1726 provincias,
295 1647 321 1702 si
340 1645 434 1703 socios
454 1645 583 1715 equitate
597 1653 625 1700 et
644 1642 700 1724 tide
722 1641 861 1702 defendis-

70 1738 142 1786 sent.
183 1726 281 1800 Itaque
296 1723 365 1783 iliud
377 1722 563 1800 patrocinium
577 1721 652 1778 orbis
665 1731 743 1777 terrae
756 1723 859 1792 verius,

71 1825 155 1880 quam
169 1805 330 1881 imperium,
345 1811 453 1880 poterat
467 1799 616 1860 nominari.
658 1799 773 1856 Sensim
788 1800 860 1860 hano

71 1884 305 1942 consuetudinem
324 1893 353 1940 et
362 1881 539 1958 disciplinam
552 1879 612 1956 jam
624 1888 706 1936 antea
719 1879 862 1937 minueba·

71 1980 157 2021 mus:
179 1971 245 2037 post
255 1979 320 2020 vero
329 1961 414 2018 Sulla
424 1960 571 2017 victoriam
581 1959 693 2036 penitus
702 1959 859 2018 amisImus.

70 2040 203 2098 Desitum
217 2049 261 2098 est
279 2041 356 2098 enim
369 2038 459 2096 videri
479 2037 633 2112 quidquam
653 2039 682 2096 in
698 2038 794 2100 socios
808 2040 860 2100 iui·
907 2061 910 2066 ·

69 2214 111 2263 the
122 2211 217 2262 Asiatic
228 2211 357 2276 provinces
367 2225 433 2260 were
445 2209 567 2274 assigned
599 2209 691 2260 Justin.
702 2211 782 2262 xviia
796 2211 860 2261 Plnt

69 2280 96 2328 in
104 2279 146 2328 the
157 2279 217 2328 lires
227 2278 257 2327 of
268 2277 385 2344 Pyrrhus,
394 2275 444 2325 end
455 2275 603 2324 Demetrius.

101 2348 116 2378 ⁴*
128 2344 193 2393 Socii
204 2343 370 2393 deseruerant.
401 2341 474 2390 Com.
485 2339 548 2404 Nep.
559 2340 647 2404 Epurn.
658 2342 689 2392 vi.

339 2519 504 2571 CHAPTER
520 2517 594 2568 VIII.

102 2651 115 2702 †
127 2649 179 2698 Act
186 2652 324 2701 necessarii.
341 2650 447 2699 Inthose
454 2649 611 2699 caseewhere
618 2647 658 2696 the
667 2645 777 2696 Romans
783 2651 861 2694 uene

100 2715 170 2762 eseed
185 2715 226 2762 the
242 2716 307 2765 rules
318 2714 347 2764 of
358 2731 472 2764 common
487 2714 617 2776 humaruty
632 2718 657 2760 to
673 2712 714 2760 tire
725 2710 799 2759 fallen
815 2708 862 2765 foe,

68 2731 158 2828 gicero
168 2778 257 2828 wishes
268 2781 287 2828 it
303 2788 329 2829 to
339 2781 368 2829 bo
379 2780 525 2828 understood
536 2779 589 2826 thot
599 2777 658 2841 they
668 2792 732 2825 were
749 2773 862 2824 octueted

59 2846 103 2909 rby
114 2859 182 2892 some
195 2843 284 2892 motive
296 2844 324 2892 of
335 2845 422 2908 policy‚
437 2861 472 2903 or,
483 2861 510 2892 as
522 2843 552 2890 hc
568 2849 644 2890 term·
654 2839 681 2899 tt,
692 2841 722 2891 os
732 2838 855 2891 messer·-

71 2911 121 2958 But
131 2909 154 2958 is
165 2915 208 2958 not
218 2908 267 2956 mis
279 2923 310 2956 an
322 2909 480 2974 aggravation
489 2908 519 2956 of
525 2907 588 2955 their
599 2905 693 2955 crime?
