1970 3278
311 207 377 254 urs.
391 205 411 252 r.
431 204 510 254 cnr.
520 205 627 272 xtrxn.
811 193 863 261 lot

77 349 224 416 leecentic,
246 365 312 406 cum
333 355 377 406 est
399 349 524 406 maxima
546 345 722 406 imbecillitas
742 345 885 428 consilii„

79 437 140 484 tum
149 427 183 485 id
197 427 252 484 sibi
273 427 392 500 quisque
417 445 505 503 genus
531 429 618 484 utatis
643 425 776 504 degendae
801 444 867 483 con·

79 507 180 574 stituit,
196 504 273 578 quod
296 505 420 562 maxime
441 505 587 564 adamavit.
628 505 727 578 Itaque
740 514 802 562 ente
816 505 868 562 im·

79 585 200 661 plicatur
213 585 321 658 ,aliquo
348 594 423 640 certo
451 603 553 659 genere
578 602 717 656 cursuque
744 581 867 650 vivendi,

80 682 167 736 quem
181 663 282 738 potuit,
297 661 374 734 quod
386 662 524 736 optimum
539 672 623 728 esset,
634 661 770 738 judicare.

123 742 152 800 N
154 761 199 798 ern
215 739 455 812 quodHerculem
469 738 648 798 Prodiciurn*
660 741 756 798 dicunt
770 737 814 818 (ut
825 749 869 798 est

82 819 159 896 apud
190 817 437 894 Xenophontemi)
464 836 530 874 cum
554 819 676 893 primum
704 820 870 894 pubesceret

81 895 174 976 (quod
187 906 327 972 tempusa
339 906 437 954 natura
449 895 484 953 ad
495 895 683 972 deligendum,
696 915 780 969 quem
794 897 870 968 quis·

82 993 140 1048 que
153 975 229 1032 viam
247 974 360 1032 vivendi
380 975 418 1031 sit
436 974 623 1050 ingressurus,
638 973 730 1032 datum
753 971 807 1052 cst)
822 993 870 1032 ex·

83 1055 142 1110 isse
156 1054 186 1110 in
199 1053 388 1120 solitudinem,
404 1061 486 1125 etque
499 1053 540 1110 ibi
553 1053 698 1111 sedentem
711 1053 760 1110 diu
773 1071 870 1110 secum

83 1131 258 1204 multumque
282 1131 434 1199 dubitasse,
462 1150 527 1188 curn
554 1132 623 1188 duas
647 1140 773 1189 cerneret
799 1132 869 1198 vies,
961 1137 963 1144 ⁴

84 1229 173 1268 unam
193 1211 364 1285 Voluptatis,
378 1210 492 1266 alteram
506 1211 636 1276 Virtutis,
650 1219 740 1268 utram
761 1207 869 1286 ingredi

84 1289 186 1346 melius
198 1299 290 1355 esrem
313 1289 368 1346 boc
383 1287 597 1354 Herculi,.lovis
611 1299 672 1345 satu
687 1289 771 1354 edito,
781 1287 872 1362 potuit

86 1367 204 1424 fortasse
221 1367 400 1442 contingere:
433 1368 515 1424 nobis
536 1385 595 1424 non
616 1367 693 1434 hem,
711 1366 760 1438 qui
781 1365 871 1422 imita·

86 1463 159 1509 mur,
171 1464 241 1516 quos
252 1446 354 1517 cuique
367 1445 460 1502 visum
469 1454 521 1512 est,
531 1457 613 1518 atque
624 1445 659 1504 ad
672 1463 769 1502 eorum
781 1443 872 1500 studia

86 1523 266 1595 inclitumque
285 1523 466 1599 impellimur.
508 1524 678 1594 Plerumque
698 1532 801 1586 autem,
823 1539 871 1595 pa-

87 1601 224 1674 rentiumss
237 1603 383 1678 praeccptis
398 1602 506 1666 imbuti,
529 1601 564 1657 ad
577 1619 675 1659 eorum
694 1597 872 1655 consuetudi-

87 1697 153 1736 nem
187 1699 349 1753 moremque
383 1677 555 1734 deducimur.
605 1677 664 1732 Alii
696 1673 871 1732 mulitudinis

82 1757 191 1834 judicio
204 1757 338 1826 seruntur,
354 1773 471 1830 quaeqne
486 1756 585 1832 majori
598 1754 670 1830 parti
684 1752 872 1829 pulcherrima

87 1836 225 1904 videntur,
240 1856 276 1894 eu
286 1837 409 1894 maxime
424 1843 566 1914 exoptant.
609 1832 677 1890 Non
691 1831 761 1889 nulli
779 1842 872 1890 tamen

86 1915 147 1971 sive
160 1915 291 1972 felicitate
313 1914 442 1985 quadam,
465 1913 525 1970 sive
540 1912 661 1970 bonitate
675 1920 790 1977 naturae,
799 1911 871 1968 ‘rive

88 1994 246 2070 parentium
257 1993 415 2070 disciplina,
428 2003 531 2051 rectam
542 1992 605 2049 vitae
617 1990 706 2048 secuti
715 2001 780 2047 sunt
788 1990 873 2048 viam.

121 2150 136 2181 θ
146 2147 275 2197 Herculem
292 2149 441 2198 Prodicium.
457 2147 582 2206 Prodicus,
593 2165 609 2196 u
625 2147 745 2201 uetivcof
755 2148 811 2207 Cos,
822 2164 873 2196 wer
911 2177 914 2184 ι

87 2214 129 2262 the
138 2213 242 2278 original
253 2215 339 2262 uuthcr
350 2215 380 2263 cf
390 2214 431 2263 the
440 2215 485 2262 elle
517 2229 547 2276 ry
556 2213 586 2262 of
596 2214 637 2262 the
646 2213 729 2262 choice
741 2213 771 2261 cf
781 2214 873 2262 Hercu·

87 2281 129 2328 les.
161 2277 270 2341 Xenoph.
287 2279 363 2328 Mem.
378 2279 419 2327 lib.
445 2279 460 2326 i.
514 2295 531 2342 y
548 2277 677 2327 Herculem
694 2277 874 2327 Prodiciumis

88 2351 177 2403 meent,
194 2343 311 2392 Hercules
323 2345 386 2408 apud
397 2342 529 2392 Prodicum
536 2361 546 2401 ,·
562 2360 589 2392 us
607 2343 634 2392 iu
647 2359 702 2407 cup.
713 2343 745 2392 ix.
762 2349 776 2372 “
784 2343 873 2391 Teren·

87 2408 320 2460 ticmusChremes.''
616 2457 619 2462 ,

74 2475 81 2488 ‘
121 2475 134 2527 †
146 2473 329 2537 Xenophontem.
356 2472 508 2522 Memorabil.
519 2473 544 2521 ii.
556 2473 577 2521 1.

122 2539 294 2590 tParenrium.
322 2539 384 2588 This
404 2537 510 2602 genitive
531 2538 553 2586 is
571 2537 701 2590 attributed
711 2537 743 2600 by
754 2534 873 2592 Priscian,

89 2602 130 2650 vii.
142 2601 195 2650 772.
206 2610 231 2651 to
241 2603 334 2653 Cicero.
368 2604 424 2652 Itis
435 2603 491 2651 here
503 2603 620 2651 admitted
631 2603 711 2666 hythe
722 2599 873 2663 Heusingers

89 2667 138 2727 end
152 2665 288 2727 Gemburd,
303 2685 335 2718 on
350 2670 391 2718 the
403 2668 526 2732 authority
537 2667 566 2716 of
577 2669 620 2716 but
637 2681 682 2714 one
701 2664 768 2720 MS.;
790 2664 822 2712 cll
833 2664 874 2712 the

89 2731 170 2780 others
181 2738 207 2779 to
216 2732 298 2781 which
308 2735 350 2782 the
366 2734 461 2783 Heusin
480 2749 518 2782 ers
534 2732 582 2780 hed
598 2743 687 2786 eccess,
698 2727 730 2776 cll
748 2727 815 2792 curly
825 2729 873 2778 edii

90 2791 147 2861 lore,
158 2796 207 2843 und
218 2796 258 2844 the
269 2804 374 2847 extructa
386 2799 449 2847 from
496 2797 532 2854 de,
544 2797 604 2844 heve
609 2798 746 2859 parentum.

459 2881 495 2932 9*
