1978 3268
130 225 189 281 244
415 223 464 271 uu
482 221 636 274 oeneus.

131 442 220 504 OAP.
235 441 308 502 xm
341 440 561 502 Remilluatrat
582 443 681 502 Cicero
706 442 802 502 tribur
828 461 926 504 earm·

165 523 529 600 p1533qu0rumprtmem
545 530 587 582 ert
607 521 717 590 Rtodtt
737 526 923 592 mercatoria,

170 599 291 738 mue
313 600 348 662 tle
368 601 481 660 arteria
504 602 538 662 in
570 601 766 661 contractibus
792 621 926 662 commu·

169 822 304 882 Menneu
314 824 410 901 erge*
418 821 493 896 quod
504 833 583 900 turpe
594 824 641 892 sit,
652 823 682 882 id
691 841 848 896 numquam
857 841 923 882 esse

130 899 215 960 utile:
237 921 273 959 ne
287 913 346 960 tum
366 902 490 974 quidem,
512 921 576 960 cum
604 902 633 960 id
660 903 736 975 quod
761 922 829 962 esee
853 903 922 960 utile

124 990 222 1056 putes,
246 979 410 1056 adipiscare.
452 980 517 1038 Hoc
537 982 614 1039 enim
632 982 725 1058 iprum
741 982 808 1040 utile
823 994 922 1057 putare

129 1057 206 1131 quod
220 1069 299 1134 turpe
310 1059 356 1125 sit,
371 1059 568 1136 calamitosum
576 1072 628 1118 est.
671 1061 729 1119 Sed
740 1060 879 1127 incidunt,
893 1070 925 1118 ut

129 1155 215 1212 supra
228 1136 312 1204 diri‚†
325 1153 400 1213 sape
415 1155 532 1206 eaussae,
547 1157 612 1197 eum
637 1157 793 1217 repugnare
815 1140 922 1196 utititas

128 1213 268 1273 honestati
284 1215 434 1290 videatur,‡
457 1227 488 1274 ut
510 1217 788 1278 animadvertendum
809 1219 857 1284 eit,
878 1237 922 1274 re-

113 1293 271 1370 'puguetne
287 1295 379 1370 plane,
392 1315 427 1353 an
438 1296 529 1372 possit
542 1315 606 1354 eum
619 1299 764 1356 honestate
776 1297 921 1372 conjungi.

129 1371 202 1448 Ejus
228 1375 339 1450 generis
362 1373 404 1431 lna
424 1385 492 1432 sunt
515 1374 700 1447 questiones:
730 1375 772 1442 Si,
794 1375 921 1451 exempli

128 1451 225 1588 pratia,
249 1453 397 1510 virbonus
418 1453 589 1511 Alexandria
615 1454 760 1522 Rhodum,
785 1472 921 1531 magnum

141 1531 260 1588 rumenti
274 1535 438 1604 numerum§
454 1532 597 1590 advexerit
615 1533 645 1590 in
668 1532 845 1592 Rhodiorum
860 1533 921 1590 iuu-

128 1608 186 1684 pia,
196 1609 317 1678 etfama,
333 1629 498 1683 summaque
513 1631 630 1669 annonae
651 1614 781 1687 caritater
804 1611 920 1670 elidem

128 1688 214 1756 aciat·
224 1689 383 1766 complures
400 1701 569 1748 mercatores
593 1689 765 1749 Alexandria
788 1689 920 1757 solvisse,

128 1783 272 1839 navesque
300 1769 330 1826 in
354 1786 448 1835 eursu,
474 1769 613 1827 frumento
641 1781 766 1836 onustas,
792 1779 920 1844 petentes

129 1841 273 1912 Rhodum.
295 1846 410 1916 viderit;
436 1846 597 1906 dicturusne
617 1849 655 1906 sit
674 1847 703 1907 id
723 1846 855 1915 Rhodiis,
885 1865 920 1904 au

83 2018 92 2028 ·
128 1997 232 2048 alliunue
248 1999 309 2050 with
324 2001 366 2050 the
382 1992 480 2052 Reman
496 2009 565 2063 etate,
576 2021 604 2053 aa
622 2003 761 2064 Deiotarus,
772 2004 814 2053 the
831 2003 923 2053 irdmbi-

19 2087 23 2094 ·
128 2069 195 2112 tantu
211 2063 241 2112 of
258 2063 402 2126 Mereeilles,
418 2068 466 2116 eud
482 2069 578 2128 otheru3
594 2085 627 2119 on
643 2071 726 2120 whom
741 2069 834 2128 Oreum.
851 2071 922 2119 when

129 2143 270 2190 conqueror,
282 2129 392 2195 impoued
402 2133 499 2182 tribute.

407 2312 572 2365 CHAPTER
587 2313 647 2366 XII.

162 2433 329 2488 *mutate
347 2454 367 2489 ο.
399 2439 446 2490 aet
466 2443 487 2492 it
506 2441 762 2495 bethencomidered
779 2459 809 2495 aa
887 2445 922 2495 ed.

130 2500 186 2552 Pro.
198 2502 252 2552 Mil.
263 2503 294 2553 iv.
302 2510 319 2581 ᾗ·
326 2455 480 2582 §eapropter
491 2508 538 2562 hoe
548 2517 647 2560 maneat
657 2512 684 2560 iu
695 2527 776 2570 ceusu,
787 2461 907 2576 juffl”

164 2567 269 2633 tsapra
281 2569 389 2619 dext-e
401 2571 439 2620 10.

163 2632 174 2684 l
192 2632 323 2684 meatur.-
334 2636 364 2684 al.
376 2636 479 2686 videtur.

162 2695 175 2754 l
187 2695 329 2749 Nemeum.
362 2701 486 2751 Numerus
497 2701 518 2750 is
530 2703 624 2766 applied
635 2711 660 2752 to
668 2705 809 2754 aubeteneee
821 2703 873 2754 told
891 2706 923 2770 by

130 2772 241 2811 measure
253 2781 280 2814 es
291 2767 346 2815 well
357 2783 384 2816 aa
396 2769 428 2833 by
439 2768 494 2816 tale.
527 2767 592 2817 Hirt
601 2769 631 2818 de
641 2768 761 2818 BellAsr.
769 2785 790 2818 c.
800 2769 823 2818 8.
834 2776 848 2799 “
856 2787 922 2848 mag·

129 2836 162 2869 no
173 2823 290 2878 frumenti
305 2831 404 2881 invento
421 2833 547 2881 numero.’'
580 2831 723 2893 Mulierum,
735 2850 762 2882 or
779 2849 848 2884 some
857 2836 924 2885 simr-

130 2883 166 2933 lur
177 2891 252 2962 word,
263 2893 285 2940 ia
296 2897 411 2962 probebly
422 2898 574 2946 understood.
