1970 3272
145 221 204 277 tta
257 225 264 240 ·
374 179 377 186 ⁴
428 213 646 264 nuuuurcns.

148 360 231 430 iacto,
243 377 299 418 uon
308 358 365 416 sere
380 355 519 432 inteiligit,
534 364 670 429 quatenus
685 362 778 412 autem
792 355 940 433 intelligit,

147 439 219 498 nihil
232 445 309 514 putat
322 434 553 512 pretermissum.
594 432 678 500 Quod
689 433 762 490 idem
776 433 805 490 in
818 437 942 510 pacura-

148 517 195 582 tia,
209 515 237 572 in
252 513 367 589 picturis
388 531 441 570 usu
456 513 582 579 venitin
597 511 716 584 aliisque
729 511 940 586 compluribus,

148 603 180 652 ut
190 591 359 650 delectentur
366 591 488 668 imperiti
502 590 669 662 laudentque
680 608 713 646 ca
721 607 784 661 quae
797 589 942 650 laudanda

148 687 206 728 non
218 670 284 737 sint,
294 671 330 727 ab
339 687 411 736 eam,
426 667 520 736 credo,
530 687 667 736 caussam,
682 667 757 740 quod
769 667 881 725 insitio
895 668 940 724 his

149 747 256 818 aliquid
274 748 364 824 probi,
386 747 463 820 quod
484 746 574 823 capiat
595 746 716 822 ignaros,
739 744 939 818 quiquidem,

151 824 218 897 quid
232 825 262 883 iu
276 844 332 884 uua
345 843 496 897 quoquere
510 824 571 882 vitii
584 824 630 891 eit,
646 833 787 897 nequeant
795 822 939 899 judicare.

149 901 246 976 Itaque
271 922 335 962 cum
356 904 415 962 aiut
432 903 508 962 docti
532 901 675 979 aperitis,
694 896 835 960 desistunt
857 901 940 958 facile

149 981 296 1040 sententia.

153 1151 242 1212 OAP.
257 1151 309 1212 IV.
330 1147 494 1213 Honestum
506 1169 573 1213 cum
583 1151 722 1212 utilitatis
735 1153 940 1230 repugnantia

215 1245 218 1250 ·
302 1248 455 1309 nunquam
468 1249 528 1290 aare
543 1230 783 1308 comparandam.
817 1287 820 1298 ,

191 1371 268 1431 Haec
282 1372 367 1448 igitur
380 1373 483 1441 officia,
497 1372 532 1431 de
546 1373 647 1445 quibua
663 1371 708 1430 hie
728 1371 807 1430 libris
823 1371 940 1432 disseri·

152 1466 227 1520 mus,
242 1451 321 1524 quasi
335 1451 459 1509 secunda
473 1450 600 1524 quadam
616 1451 733 1508 honesta
746 1469 810 1508 esne
825 1450 938 1520 dicunt,

153 1549 210 1588 non
232 1529 418 1606 sapientium*
436 1529 535 1592 modo†
553 1529 676 1606 propria,
698 1528 749 1586 aad
770 1547 837 1586 curn
858 1531 940 1588 omui

154 1607 301 1666 hominum
321 1625 422 1686 genere
443 1607 613 1666 communia.
653 1607 750 1680 ltaque
764 1607 810 1664 his
825 1625 939 1676 omnes,

154 1686 184 1742 in
212 1686 313 1758 quibua
340 1697 384 1744 est
417 1686 526 1744 virtutis
554 1683 689 1759 indolem
716 1697 939 1744 commoventur.

155 1763 219 1820 Nec
238 1780 305 1820 vero
332 1782 397 1822 cum
424 1764 479 1822 duo
506 1761 598 1830 Decii,
627 1774 674 1820 aut
697 1762 753 1820 duo
773 1763 936 1838 Scipiones,

153 1839 239 1898 sortes
261 1841 313 1898 viri
337 1853 600 1908 commemorantur,
625 1853 672 1899 aut
696 1859 760 1899 curu
781 1841 938 1908 Fabricius,

155 1915 341 1992 Aristidcave§
353 1920 423 1996 justi
445 1919 632 1986 nominantur,
647 1929 694 1977 aut
707 1921 741 1977 ab
755 1919 811 1976 illis
833 1920 937 1978 sortitu·

432 2084 595 2139 CHAPTER
611 2089 654 2140 IV.

185 2214 201 2248 ⁸
216 2215 385 2280 Sapientiam
401 2215 443 2265 the
461 2216 567 2292 genitive
584 2215 612 2267 in
630 2218 679 2268 thia
697 2217 760 2268 form
780 2219 802 2268 ia
819 2219 895 2270 foimd
914 2219 939 2269 in

154 2275 225 2328 MSS.
237 2279 266 2328 of
271 2281 296 2328 hi
315 2281 369 2328 hest
377 2281 506 2346 authority.

186 2343 199 2395 't
210 2342 286 2393 Modo.
297 2297 418 2394 {ieuman
425 2347 472 2394 and
479 2345 536 2394 both
543 2346 584 2395 the
592 2346 745 2412 Heusingere
752 2348 941 2398 woruldexcluda

154 2407 229 2457 modu·
261 2408 286 2458 1t
302 2425 410 2472 appears,
429 2410 546 2470 however,
565 2426 695 2476 necessary
714 2418 739 2460 to
759 2413 880 2476 complete
902 2415 941 2463 the

155 2487 232 2522 uenae.
264 2473 435 2524 Theae'dutiea
447 2490 488 2523 are
496 2475 638 2524 incumbent
645 2483 689 2525 not
699 2492 731 2525 on
738 2477 779 2525 the
788 2477 849 2526 wisc
857 2478 941 2528 alone:

156 2538 214 2602 they
225 2539 280 2602 appl
308 2541 384 2588 tutha
395 2538 472 2587 whole
483 2539 575 2588 human
586 2553 651 2590 raca.

188 2601 234 2654 tt
286 2619 318 2652 aa.
345 2603 551 2670 Adirporitionta
562 2604 647 2653 vinae.
673 2604 941 2658 Cumhacindolevir-

156 2671 237 2716 tutum
248 2683 277 2717 ac
287 2669 408 2719 vitiorum.
439 2667 492 2716 Liv.
502 2668 551 2716 xxi.
561 2667 585 2715 4.

158 2791 163 2802 Ι
188 2730 201 2788 i
218 2731 375 2783 Aristidem.
405 2731 430 2782 J.
440 2730 476 2780 Μ.
486 2731 627 2796 Heusinger
640 2731 727 2782 thinks
744 2733 942 2788 Ariatidaamn

156 2797 331 2856 interpolation.
363 2799 394 2848 In
409 2797 499 2846 several
514 2797 586 2846 MSS.
596 2796 627 2845 he
644 2797 719 2848 found
729 2801 819 2862 jmtaa
834 2805 942 2852 aomina-

156 2861 213 2912 tura
228 2862 409 2927 audtamquuru
418 2862 553 2927 capiente.
