1978 3268
121 223 197 279 12³2
418 219 466 268 on
484 217 637 267 onnrcns.

142 364 210 423 durn
234 371 360 422 naturam
385 379 469 433 qnam
491 361 610 428 utilitae3
635 369 710 418 certe
732 359 763 417 in
783 357 888 418 eadem
910 378 941 418 re

141 444 246 500 utilitas
260 451 289 498 et
302 439 442 515 turpitudo
457 458 520 496 esse
540 457 598 496 non
618 448 719 516 potest.
760 437 894 509 Itemque
915 439 940 496 si

144 521 179 578 ad
204 521 378 577 honestatem
403 519 459 575 nati
485 535 593 583 sumus,
618 535 706 590 eaque
731 525 778 573 aut
802 516 866 573 nola
892 537 940 574 ex·

142 597 263 677 petenda
283 605 335 664 est,
349 606 381 652 ut
402 595 511 654 Zenoni
522 596 614 654 visum
629 608 682 662 eat,
698 603 745 652 aut
757 603 831 652 certe
846 596 938 663 omni,

143 675 284 754 pondere*
306 674 416 750 gravior
438 673 573 740 habenda,
594 693 679 746 quam
701 672 808 744 reliqua
828 675 937 742 omnia,

144 754 220 827 quod
232 752 375 812 Aristoteli
384 753 490 829 placet;
502 770 618 810 necesse
633 763 685 818 est,
696 749 771 822 quod
785 751 937 808 honestum

144 833 190 898 sit.
205 832 235 890 id
248 851 311 890 esse
326 841 373 890 aut
386 831 489 896 solum,
504 840 552 887 aut
564 848 705 888 summunt
720 831 845 888 bonum:
861 829 936 902 quod

144 923 238 970 autem
252 913 367 976 bonurn,
382 909 413 967 id
432 921 505 966 certe
524 909 610 967 utile:
632 910 671 966 ita
683 905 819 982 quidquid
834 907 937 966 bones·

144 999 214 1056 tuma
229 989 259 1047 ld
271 988 350 1046 Uille-

184 1063 934 1142 Quareerrorhominumnonptoborum,oumaliquid‚

145 1140 222 1218 quod
234 1146 302 1202 utile
316 1144 407 1202 visum
422 1153 474 1214 est,
490 1143 614 1220 arripuit,
626 1143 656 1202 id
669 1142 801 1201 continuo
813 1143 936 1200 aeoernit

145 1225 179 1281 ab
202 1224 331 1282 honesto.
373 1221 450 1280 Hine
472 1223 548 1288 aion,
562 1223 628 1280 hino
646 1239 763 1287 venena,
778 1219 846 1278 hino
865 1221 935 1278 salsa

145 1311 311 1360 testamenta
334 1311 499 1360 naseuntur:
521 1300 691 1368 hinetona,
713 1299 871 1376 peculatus,
886 1317 934 1358 ex·

146 1381 294 1458 pilationea
321 1379 547 1456 direptionesque
574 1379 715 1438 sociorum
748 1385 777 1434 et
809 1379 930 1436 civium:

146 1459 214 1518 hino
240 1477 327 1536 opum
354 1458 503 1516 nimiarum
537 1458 667 1533 potentie
701 1476 759 1516 non
789 1457 930 1516 serendae:

147 1549 291 1614 postremo
313 1537 396 1594 etiam
416 1537 445 1593 in
459 1537 555 1593 liberis
570 1536 727 1594 civitatibus
742 1536 877 1614 regnandi
892 1555 937 1592 ex-

147 1617 252 1676 sistunt
264 1615 438 1692 cupiditates,
455 1615 556 1687 quibus
577 1615 648 1674 nihil
670 1633 722 1672 neo
744 1616 860 1681 taetrius,
885 1632 936 1672 nec

148 1693 248 1754 stadius
258 1695 410 1771 excogitari
419 1703 520 1770 potest.
549 1693 749 1752 Emolumenta
758 1695 835 1752 enim
844 1711 934 1750 rernm

148 1772 290 1831 fallacibus
301 1772 416 1850 judiciis
431 1772 540 1829 vident:
555 1789 667 1848 poenam
682 1790 739 1830 non
753 1773 817 1830 dieo
831 1771 934 1848 legum,

37 1861 41 1874 ¹
149 1868 219 1923 quas
241 1869 317 1926 aaepe
339 1859 532 1926 perrumpunt,
555 1849 606 1907 sed
629 1850 720 1926 ipsius
743 1850 934 1928 turpitudinis,

148 1946 211 2002 quae
226 1928 407 1985 acerbissima
419 1937 472 1993 est,
486 1945 544 1984 non
558 1927 663 1987 vident.

188 2005 280 2071 Quam
294 2005 330 2062 ob
343 2023 403 2062 rant
417 2004 472 2062 hoo
486 2003 601 2076 quidem
615 2004 827 2065 deliberantium
847 2024 934 2083 genus

149 2081 268 2158 pellatur
286 2099 302 2140 e
324 2082 418 2141 medio
433 2080 489 2160 (est
511 2083 589 2142 enim
611 2092 698 2142 tobim
722 2084 887 2142 sceleratum
909 2094 936 2141 et

147 2157 282 2237 impium)
297 2161 345 2232 qui
359 2160 521 2228 deliberant,
534 2171 627 2219 nuum
642 2161 671 2218 id
685 2173 846 2234 sequantur,
860 2160 935 2234 quod

151 2237 302 2295 honestum
325 2255 388 2296 eoae
412 2237 533 2305 videant,
559 2258 594 2297 an
621 2257 653 2296 se
681 2241 801 2297 scientes
830 2240 934 2298 scelere

149 2316 349 2373 contaminent.
388 2315 422 2374 ln
447 2317 511 2392 ipsa
533 2318 610 2375 enim
634 2317 805 2376 dubitatione
829 2317 935 2375 facinus

149 2393 233 2462 inest,
247 2395 331 2452 etiam
352 2393 377 2450 si
398 2393 433 2450 ad
455 2393 484 2452 id
503 2413 560 2452 non
579 2397 765 2472 pervenerint.
805 2395 884 2472 Ergo
904 2413 936 2452 ea

150 2471 327 2532 deliberanda
339 2471 455 2531 omnino
469 2490 527 2530 non
542 2481 617 2540 sunt,
631 2473 661 2532 in
675 2475 776 2546 quibus
790 2482 834 2532 ent
847 2473 935 2550 turpia

182 2630 197 2662 ⁴*
214 2627 332 2677 Pondere.
364 2625 474 2677 Another
484 2625 610 2688 metaphor
620 2626 694 2677 talren
704 2629 767 2677 from
777 2628 819 2678 tha
829 2625 936 2686 baloneo,

151 2690 185 2738 iii.
200 2691 224 2740 2.
239 2699 303 2751 note,
318 2692 342 2744 4
373 2691 456 2748 Quom
473 2690 524 2738 vim
541 2690 614 2739 habet
629 2692 691 2740 libra
707 2693 749 2742 illa
765 2693 879 2744 Critolai:
895 2693 936 2755 qui

150 2769 208 2802 enm
225 2756 252 2804 io
269 2757 370 2806 alteram
387 2757 482 2806 lauaem
499 2754 575 2803 animi
592 2755 656 2804 bono
666 2756 781 2820 imponat,
792 2757 819 2806 io
830 2758 936 2815 alteram,

151 2819 257 2878 eorporis
267 2828 292 2870 et
302 2828 409 2880 amana,
419 2826 515 2870 tantum
526 2820 672 2884 propendere
688 2821 755 2871 illam
770 2822 827 2871 boni
843 2823 936 2871 lennem

153 2885 227 2939 nutat,
237 2889 265 2931 ut
275 2889 365 2935 terram
375 2891 400 2935 et
410 2885 488 2934 marin
498 2883 623 2947 deprimat.
654 2884 729 2936 Tuto.
739 2899 761 2934 v.
773 2883 810 2935 tt.
