1978 3268
330 191 445 274 mani
463 223 666 282 cnaxxxur,
732 199 737 210 ’
829 223 885 282 eoo
976 195 980 202 ’

96 373 193 440 potest
204 365 329 441 turpius?
344 365 362 424 J
364 384 418 434 am,
430 361 620 439 qu'idolor'em,
630 384 770 424 summum
782 365 895 436 malurn

96 442 182 524 dicat,
198 443 271 520 apud
286 461 350 500 eum
365 461 449 515 quem
463 445 547 502 habet
559 447 653 504 locum
667 443 807 512 fortitudo,
823 463 900 520 quae,

96 530 142 578 est
169 520 297 579 dolorum
327 521 520 592 laborumque,
537 523 708 608 contemtio}
749 523 885 590 Quamvis

93 599 175 656 *enim
190 599 285 656 multis
299 598 369 658 locis
384 599 458 656 dicat
471 599 623 676 Epicurus,
636 601 718 658 sicuti
730 601 806 667 dicit,
819 601 886 658 satis

95 677 263 748 sortiter„de
277 675 388 744 dolore3
410 687 503 736 tamen
517 697 574 759 uon
588 677 617 734 id
631 679 812 752 spectandum
833 689 903 746 est,-

96 755 166 828 quid
191 755 273 833 dicat,
288 755 339 812 sed
360 755 427 828 quid
450 767 668 814 consentaneum
690 756 726 812 sit
742 758 769 813 ei
783 757 885 825 dicere,

96 831 152 906 qni
169 835 251 900 bona,
273 834 414 912 voluptate
434 835 651 902 terminaverit*
672 830 754 900 mala,
772 834 885 894 dolore:

95 923 136 979 ut,
154 913 180 968 si
200 911 278 970 illum
294 913 403 970 audiam
418 913 452 971 de
467 913 638 972 continentia
652 923 680 969 et
692 914 886 988 temperantia,

95 989 166 1048 dicit
189 990 243 1048 ille·
261 990 374 1063 quidem
397 993 485 1050 multa
508 993 603 1050 multis
627 991 714 1058 locis;
740 990 790 1047 sed
816 1010 888 1062 aqua

97 1069 210 1136 haeret,†
231 1081 262 1128 ut
283 1070 369 1128 aiunt.
411 1071 487 1128 Nam
499 1071 547 1143 qui
569 1080 663 1148 potest
676 1069 888 1151 temperantiam

95 1146 209 1205 laudare
221 1149 255 1215 is,
265 1149 313 1219 qui
324 1158 557 1224 ponatsummum
569 1150 673 1206 bonum
686 1149 716 1206 in
728 1148 886 1225 voluptatel

96 1226 154 1283 Est
166 1227 242 1284 enim
257 1229 440 1302 temperantia
452 1225 601 1282 libidinum
612 1226 741 1295 inimica;
757 1227 887 1284 libidines

96 1307 189 1360 autem
205 1305 418 1362 consectatrices
433 1304 593 1379 voluptatis.
638 1365 639 1368 Ἴ
669 1369 676 1380 Ι

136 1383 230 1454 Atque
251 1383 287 1460 ἰη7
303 1383 347 1440 his
371 1393 463 1440 tamen
486 1382 572 1440 tribus
593 1383 752 1458 generibus,
774 1399 888 1453 quoquo

97 1460 184 1518 modo
198 1473 327 1538 possunt,
339 1481 395 1520 non
411 1459 539 1518 incallide
553 1461 777 1537 tergiversantur.
818 1459 887 1518 Pru·

96 1538 220 1596 dentiam
240 1539 426 1606 introducunt,
442 1540 588 1596 scientiam
600 1537 826 1615 suppeditantem
838 1557 887 1596 vo·

96 1617 228 1693 luptates,
242 1617 427 1694 depellentem
443 1617 564 1675 dolores.
605 1615 809 1674 Fortitudinem
819 1635 887 1687 quo·

98 1714 155 1768 quo
167 1695 356 1767 aliquomodo
368 1696 530 1772 expediunt,
543 1713 607 1753 oum
620 1695 738 1761 tradunt,
750 1694 885 1752 rationem

97 1773 272 1858 negligenda
283 1776 391 1840 mortis,
403 1773 633 1852 perpetiendique
644 1773 758 1831 doloris.
792 1772 887 1830 Etiam

99 1855 310 1928 temperantiam
324 1853 468 1923 inducunt,
484 1872 539 1910 non
559 1851 692 1910 facillime
706 1852 748 1909 illi
762 1850 886 1924 quidem,

99 1929 150 1987 sed
171 1942 263 1990 tamen
283 1943 397 2004 quoquo
411 1931 497 1990 modo
511 1941 640 2006 possunt.
679 1929 786 1988 Dicunt
798 1929 886 1995 enirn,

99 2008 249 2084 voluptatis
265 2009 483 2086 magnitudinem
499 2009 607 2068 doloris
618 2009 787 2068 detractione
801 2007 885 2065 finiri.

99 2085 214 2144 ,lustitia
237 2089 356 2156 vacillat,
377 2089 424 2145 vel
443 2089 520 2164 jacet
537 2089 641 2163 potius,
663 2105 818 2160 omnesque
846 2105 886 2142 ere

101 2165 226 2232 virtutes,
255 2184 316 2237 quae
344 2167 374 2224 in
401 2167 599 2225 communitate
626 2177 776 2224 tremuntur
802 2175 830 2224 et
857 2165 885 2223 in

99 2243 231 2301 societane
248 2246 358 2320 generis
378 2245 504 2304 humani.
544 2243 647 2317 Neque
668 2246 743 2303 enim
765 2247 885 2310 bonitas,

99 2341 152 2379 nec
171 2321 331 2389 liberalitas,
345 2340 398 2380 nec
419 2324 535 2380 comitas
556 2322 621 2380 esse
635 2334 736 2400 potest,
751 2343 811 2406 non
822 2323 885 2398 plus

5 2439 7 2444 -
100 2418 185 2472 quam
205 2402 344 2466 amicitia:
373 2402 398 2458 si
421 2403 481 2460 haec
500 2420 557 2460 non
581 2421 634 2478 per
654 2421 685 2459 se
709 2412 883 2476 expetantur,

5 2947 11 2970 ²
98 2957 157 3008 from
169 2975 184 3009 a
194 2965 276 3024 gotter
288 2958 324 3008 for
336 2959 376 3008 the
388 2975 567 3024 conveyanceo

101 2479 150 2536 sed
165 2479 199 2536 ad
212 2480 383 2556 voluptatem
398 2481 579 2538 utilitatemve
593 2481 754 2539 reserantur.

131 2635 146 2667 ὕ
167 2631 348 2683 Terminoiren't.
364 2635 473 2684 “Omnis
484 2621 566 2685 auten'r
577 2633 710 2695 privatione
722 2632 809 2682 doloris
818 2639 887 2694 putat

100 2697 220 2762 Epicurus
232 2699 358 2750 terminari
370 2709 492 2750 summam
503 2700 673 2761 voluptatem.''
707 2697 744 2746 De
756 2697 837 2745 Fini.
850 2698 886 2746 11.

131 2763 141 2814 i
159 2763 230 2828 Aqua
242 2763 321 2812 beret.
353 2765 377 2812 A
388 2766 514 2829 metaphor
525 2764 599 2812 taken
611 2763 718 2828 possibly
729 2762 886 2833 eitherufrom

100 2829 139 2876 the
151 2827 284 2892 clepsydra,
295 2846 327 2877 an
338 2830 484 2878 instrument
495 2829 576 2878 which
587 2828 713 2878 measured
724 2829 765 2883 the
781 2829 846 2890 lapse
862 2827 892 2876 of

97 2893 155 2942 time
166 2894 199 2958 by
211 2894 251 2943 the
262 2910 365 2959 passage
376 2895 405 2943 of
411 2901 486 2944 water
498 2893 603 3009 throuph
615 2909 734 3010 etprarrow
747 2892 844 2951 sunuel;
860 2907 886 2942 or

588 2975 626 3010 wa
650 2975 669 3009 r.
