1970 3278
294 231 359 283 Lm.
367 233 388 281 1.
405 231 483 284 GAP·
493 231 616 283 xxxvl.
798 232 854 288 1⁰0

60 373 166 443 Statue,
187 376 327 444 incessus,
350 376 451 444 sessio,
467 375 633 442 accubitio*
647 373 751 442 vultus,
766 373 852 442 oculi,

60 469 194 511 manuum
207 465 312 520 motus,
327 465 440 512 teneant
452 455 522 512 illud
536 453 671 512 decorum

99 531 209 597 Quibus
223 535 254 591 in
264 534 347 591 rebus
359 533 415 590 duo
425 533 549 591 maxime
560 541 625 589 sunt
636 530 769 609 fugienda
781 549 789 600 ς
814 548 852 589 ne

60 609 128 680 quid
141 611 334 669 effeminatum
348 622 395 669 aut
408 612 503 676 molle,
515 622 543 668 et
556 629 591 668 ne
606 609 674 682 quid
688 611 789 668 durum
804 619 854 667 aut

59 689 194 746 rusticum
206 691 252 747 sit.
293 690 356 747 Nec
368 709 434 748 vero
444 689 625 747 histrionibus
637 690 852 759 oratoribusque

2 797 4 832 ς
59 767 271 826 concedendum
285 777 338 835 est,
351 777 384 824 ut
396 768 431 824 iis
445 768 507 825 haec
521 777 585 844 apta
606 767 672 835 sint,
688 769 770 825 nobis
796 766 853 824 dis·

2 859 3 864 *
59 845 159 901 soluta.
200 846 384 904 Scenicorum
407 845 522 918 quidem
542 864 605 904 mos
631 856 736 904 tantam
769 845 854 903 habet

58 933 152 979 vetere
177 923 326 1000 disciplina
338 924 546 991 verecundiam,
562 933 593 982 ut
606 924 636 981 in
658 943 773 982 scenam
788 925 865 996 sinc¹

2 1031 4 1066 r
59 1001 232 1077 subligaculo
246 1003 362 1078 prodeat
375 1020 470 1061 nemo.
510 1003 652 1060 Verentur
663 1003 750 1071 enim,
763 1021 810 1068 nc,
825 1002 852 1059 si

59 1097 116 1150 quo
140 1098 207 1137 casu
231 1083 364 1149 evenerit,
390 1092 421 1138 ut
445 1082 571 1157 corporis
595 1091 688 1158 partes
721 1080 851 1153 quaedam

59 1157 226 1232 aperiantur,
249 1161 419 1236 aspiciantur
441 1178 498 1216 uon
512 1159 623 1217 decore.
666 1160 774 1218 Nostro
789 1159 852 1231 qui·

58 1234 123 1292 dem
133 1255 211 1295 more
222 1257 288 1295 curn
301 1239 459 1314 parentibus
469 1239 588 1313 puberes
596 1239 658 1306 filii,
666 1256 731 1295 cunr
742 1238 850 1295 soceris

58 1316 154 1389 generi
178 1336 235 1374 non
248 1317 383 1374 lavantur.
426 1315 586 1374 Retinenda
599 1317 684 1393 igitur
705 1326 749 1374 est
762 1315 849 1392 hujus

59 1395 169 1467 generis
183 1395 360 1464 verecundia,
376 1395 531 1472 prasertim
553 1405 651 1453 natura
664 1395 727 1473 ipsa
745 1393 850 1471 magis·

2 1512 4 1544 ,
59 1481 101 1527 tra
113 1483 142 1528 et
151 1472 232 1531 duce.

2 1603 5 1682 ¹.
59 1643 150 1705 cnP.
167 1648 306 1710 XXXVI.
335 1649 404 1708 Duo
413 1665 473 1707 ease
480 1647 711 1726 pulchritudinis
717 1663 847 1724 genero:

3 1743 5 1780 t
97 1724 130 1783 in
145 1726 234 1796 cultu,
249 1737 366 1796 ornatu,
382 1735 409 1786 et
422 1735 519 1805 gestu,
536 1727 608 1805 quid
631 1728 672 1784 ait
694 1725 848 1784 obseruan-

3 1823 4 1858 ;
97 1803 178 1874 duro,
194 1814 221 1866 et
234 1808 326 1866 multo
340 1807 440 1886 magis
454 1806 488 1864 in
501 1805 596 1864 animi
609 1803 748 1864 noctibus.

97 1950 167 2008 Ocu
180 1964 273 2010 autem
288 1951 502 2029 pulchritudinis
516 1950 572 2009 duo
586 1969 690 2028 genera
700 1950 767 2019 sint,
777 1967 847 2023 quc·

4 2067 6 2078 ,
56 2047 120 2086 rum
130 2030 160 2086 in
173 2031 258 2088 altero
272 2041 316 2088 est
328 2041 470 2100 venustas,
485 2031 624 2097 inultam,
639 2029 775 2106 dignitas3
799 2048 848 2088 ve·

5 2169 7 2174 ,
56 2117 206 2175 nustatem‚
230 2110 396 2168 muliebrem
418 2109 519 2168 ducere
545 2108 700 2176 debemus;
726 2108 847 2186 dignitas

55 2195 124 2254 tem,
141 2186 258 2246 virilem.
299 2189 378 2265 Ergo
391 2199 420 2246 ct
434 2208 450 2245 a
463 2188 553 2246 forma
564 2195 740 2246 removeatur
753 2189 846 2249 omnis

5 2317 6 2320 ,
55 2264 117 2323 viro
131 2283 189 2323 non
202 2267 303 2344 dignus
318 2278 445 2324 ornatus:
468 2276 497 2323 ct
509 2266 575 2323 huic
589 2267 681 2324 simile
703 2267 803 2325 vitium
816 2269 847 2328 in

5 2373 6 2386 κ
55 2353 147 2418 gestu,
163 2355 296 2418 motuque
312 2355 449 2413 caveatun
491 2345 568 2402 Nam
582 2355 611 2402 et
623 2345 773 2422 palaestrici
786 2364 846 2405 mo·

6 2441 7 2450 ¹
54 2431 100 2478 tus
115 2441 190 2498 saepe
204 2435 270 2482 sunt
282 2424 459 2491 odiosiorcst
480 2433 509 2480 et
520 2423 689 2482 histrionum
706 2425 846 2482 nonnulli

6 2553 8 2574 l

7 2745 10 2780 l

7 2813 10 2848 l

6 2503 7 2510 ’
55 2511 152 2577 gestus
168 2501 255 2578 inepti
268 2522 325 2560 non
338 2511 437 2559 vacant
450 2501 626 2559 offensione:
648 2513 676 2559 et
689 2502 718 2558 in
727 2513 845 2572 uuoque

54 2595 169 2656 genere,
197 2598 259 2652 quae
281 2591 347 2639 sunt
369 2591 443 2670 recta
462 2590 491 2637 et
517 2579 667 2658 simplicia,
689 2577 844 2639 laudantur.

87 2729 247 2784 *dotalitio
271 2736 311 2785 Al.
326 2735 469 2794 accubitrttt'o
484 2737 533 2785 and
548 2733 678 2783 cromatia
710 2730 766 2780 The
776 2731 847 2781 dcco·

54 2814 112 2848 rous
124 2803 221 2859 postera
232 2799 290 2849 hore
300 2801 493 2859 recommended,
504 2801 526 2848 is
537 2798 659 2847 doubtless
670 2796 697 2844 in
716 2795 757 2844 llic
773 2797 845 2846 mode

53 2861 217 2978 ffireclining
227 2879 259 2913 on
275 2881 291 2914 a
301 2865 379 2914 couch
395 2871 421 2914 at
431 2865 570 2924 mett-time,
586 2879 613 2913 os
629 2859 749 2925 pructised
760 2861 792 2928 by
804 2861 845 2912 tho

93 2943 172 2978 maus
625 2941 628 2950 ’

420 2997 455 3051 10
