1970 3278
15 261 17 272 ,
119 201 176 260 128
402 189 619 244 odorricus.

136 337 306 418 reponenda
317 355 381 396 esse
393 334 487 396 officie
497 333 622 412 justitie,
636 350 699 407 qure
719 336 866 412 pertinent
880 339 917 398 ed

116 361 266 510 hominum
273 417 430 534 paritatem,
444 433 501 490 qua
513 414 586 474 nihil
606 413 717 474 homini
741 433 807 476 esse
827 416 918 478 debet

120 509 270 571 unuquius.

123 655 211 714 GAP.
233 652 341 712 XLIV.
380 649 520 790 Stugium
531 648 571 709 cd
585 649 750 712 societatem
765 651 916 734 cory’eren-

457 748 509 790 cm
526 746 597 789 esse.
760 747 764 756 ·
789 747 792 754 ·

161 891 266 955 Arous
280 889 332 957 illi,
347 906 466 960 quorum
480 886 574 946 studia
591 887 704 959 viteque
718 889 813 948 omnis
827 891 861 950 in
874 911 916 951 re-

58 1002 63 1015 1
123 989 186 1028 rum
207 969 367 1046 cognitione
389 976 499 1024 versata
521 976 574 1035 est,
597 975 692 1024 tamen
715 968 750 1024 sb
775 971 921 1048 augendis·

122 1049 271 1107 homiuum
281 1046 445 1104 utilitatibus
454 1055 482 1104 et
492 1043 649 1103 commodis
659 1064 716 1103 non
725 1061 915 1109 recesserunt.

125 1128 202 1186 Nem
215 1137 244 1184 et
256 1125 437 1184 erudiverunt
460 1124 575 1190 multos,
600 1142 657 1196 quo
678 1124 811 1184 meliores
837 1130 916 1188 cives

123 1207 305 1277 utilioresque
318 1204 401 1262 rebus
415 1203 475 1260 suis
488 1203 609 1280 publicis
622 1213 738 1261 essent:
758 1215 792 1262 ut
801 1205 919 1267 Thebe·

125 1303 194 1343 num
213 1281 442 1359 Epaminondam
455 1281 557 1359 Lysisl
570 1281 777 1358 Pythagoreus,
793 1284 918 1362 Syracu-

112 1364 200 1428 ¹sium
224 1363 365 1435 Dionemss
387 1361 479 1429 Plato,
503 1359 639 1431 multique
664 1362 782 1419 multos:
805 1383 918 1438 nosque

126 1443 192 1518 ipsi,
207 1439 344 1514 quidquid
357 1439 392 1497 ed
405 1439 619 1515 rempublicam
636 1439 789 1509 attulimus,
806 1440 846 1520 (si
860 1463 920 1504 mo-

68 1537 71 1544 '
127 1519 165 1579 do
178 1517 282 1593 dliquid
303 1517 457 1595 attulimus)
470 1537 489 1574 a
501 1516 661 1576 doctoribus
684 1529 767 1591 atque
791 1519 921 1584 doctrine

127 1600 271 1673 instructi§
286 1598 322 1656 ad
335 1617 408 1665 eam,
423 1607 451 1655 et
461 1595 551 1655 ornati
565 1598 745 1655 accessimus.

168 1681 271 1752 Neque
283 1679 375 1736 solum
386 1678 444 1736 vivi
452 1687 534 1749 atque
546 1686 698 1752 presentes
710 1676 855 1738 studiosos
865 1681 921 1741 dis-

128 1759 212 1818 cendi
225 1758 356 1818 erudiunt
374 1769 457 1831 atque
477 1756 589 1822 docent,
610 1755 662 1813 sed
674 1755 729 1814 hoc
742 1756 821 1817 idem
835 1763 921 1820 etiam

161 1917 177 1950 ’ἱ
189 1913 329 1978 Antiquior.
361 1912 417 1962 'l'he
427 1910 532 1977 original
542 1911 660 1977 monning
669 1911 700 1962 of
709 1913 763 1964 culi
795 1929 922 1975 neonae.

129 1981 201 2040 tinges,
213 1981 250 2040 (cs
261 1993 451 2042 copuue‚cccus;
467 1977 572 2040 sequius,
583 1978 663 2026 secius
670 1995 680 2036 ‚·
696 1981 759 2042 quoti
778 1981 808 2040 ie,
817 1984 922 2045 cotidie5

129 2059 203 2108 quum
220 2043 268 2092 end
288 2046 353 2104 cum)
372 2049 438 2090 must
456 2042 517 2090 have
535 2043 595 2091 been
612 2043 654 2091 the
673 2059 741 2092 seme
760 2061 788 2093 us
807 2052 923 2110 emulor,

126 2109 207 2174 prior.
235 2105 305 2154 metz
324 2107 507 2170 antiquiorem,
527 2106 646 2156 therefore
665 2108 754 2173 simply
766 2125 862 2174 moene,
874 2115 923 2164 mar

131 2172 232 2238 nothicg
242 2170 328 2220 ehcedd
339 2170 365 2220 lle
373 2171 461 2236 placed
472 2171 549 2236 defm
559 2173 644 2222 it-oo
655 2173 716 2240 duty
722 2175 852 2240 preferred
863 2187 888 2230 to
898 2183 924 2230 it.

393 2317 554 2368 CHAPTER
569 2319 657 2368 xciv,

164 2430 270 2498 llajet's.
302 2431 327 2482 A
343 2432 423 2480 native
440 2433 470 2481 of
487 2433 630 2484 Tarentum.
661 2433 717 2484 The
736 2435 826 2502 golden
845 2456 929 2494 verses

133 2514 175 2548 ere
186 2497 295 2547 escribed
314 2503 339 2548 to
355 2497 416 2558 him,
432 2497 515 2548 which
532 2515 587 2563 pos·
603 2500 680 2550 under
699 2501 740 2552 the
755 2518 829 2554 neme
847 2507 880 2556 of
890 2509 929 2559 his

134 2571 299 2680 mlstlellhnem.
332 2627 527 2678 Brother-in-lew
541 2629 572 2678 of
582 2629 623 2677 the
641 2629 706 2680 elder
726 2631 880 2698 Dionysium
898 2639 929 2689 he

134 2708 165 2740 ex
194 2694 242 2742 lled
250 2693 290 2742 the
302 2709 412 2758 younger
423 2692 486 2742 from
498 2693 625 2756 Syracuse.
657 2695 729 2745 Corn.
740 2697 772 2746 N.
784 2698 811 2748 in
823 2700 891 2752 vita.

191 2757 310 2806 Doctrina
328 2758 449 2808 instnccti.
481 2757 567 2807 Cicero
584 2759 653 2807 tnkes
673 2760 784 2824 frequent
800 2769 931 2818 occasions
964 2771 970 2783 ¹

135 2824 161 2864 ‘o
179 2835 280 2897 express
295 2823 454 2888 gredtudeto
468 2821 507 2870 his
524 2823 674 2898 instructore.
707 2825 775 2878 Oret.
787 2829 856 2880 ciii.
892 2833 932 2883 De

167 2883 356 2936 rtD.Lcc.3.
388 2887 596 2936 ProArch.ov1.
