1970 3278
333 212 585 264 mmmm
710 199 867 296 '[m

119 356 297 418 Occurritur*
311 366 405 416 autem
424 356 517 424 nobis,
531 365 560 414 et
579 353 693 430 quidem
706 369 723 413 a
736 354 826 413 doctis
840 364 869 414 et

78 438 207 505 eruditis,
228 437 425 510 quarentibus,
446 437 550 492 satisne
571 434 753 502 consument
778 433 869 491 lacere

76 517 234 582 uideamur,
249 516 308 588 qui,
324 523 388 571 oum
409 515 517 590 percipi
538 514 608 571 nibil
630 532 714 589 posse
729 512 866 580 dicamus,

79 605 177 664 tamen
192 605 220 652 et
233 595 295 650 aliis
310 592 344 650 de
358 593 591 654 rebusdisserere
606 593 757 660 soleamus,
772 601 800 648 et
813 592 868 648 hoc

77 677 145 753 ipso
160 685 285 749 tempore
300 681 438 747 praeccpta
451 671 538 728 officii
552 689 761 746 persequamur.
783 670 870 738 .Qui-

77 756 134 814 bus
155 752 257 810 vellem
278 751 346 807 satis
367 751 480 826 cognita
503 759 579 808 esset
602 761 697 808 nostra
721 749 868 808 sententia.

78 831 256 892 Nouenim
283 847 381 886 sumus
408 829 439 896 ii,
468 846 586 901 quorum
613 839 728 904 vagetur
758 830 868 886 animus

80 929 187 978 errore,
202 926 255 967 neo
268 907 368 966 habeat
380 926 514 981 unquam,
529 907 597 979 quid
616 917 756 980 sequatur.
798 907 869 974 Qum

80 990 161 1049 enim
182 997 258 1046 essct
277 987 332 1044 ista
351 1005 443 1054 mens,
464 987 510 1044 vel
532 1006 594 1060 quae
616 987 673 1044 vita
694 987 798 1062 potius,
812 1005 871 1045 non

81 1067 170 1128 modo
197 1065 367 1144 disputandi,
389 1065 441 1124 sed
468 1065 581 1124 vivendi
607 1066 714 1124 ratione
741 1065 869 1146 sublata?

81 1148 148 1208 Nos
171 1155 273 1215 autem,
288 1155 319 1204 ut
329 1146 430 1219 ceteriss
443 1145 497 1202 alia
511 1154 595 1212 certa,
610 1145 665 1202 alia
683 1145 789 1202 incerta
807 1162 871 1202 esse

83 1227 191 1293 dicunt,
213 1225 256 1283 sic
278 1225 313 1282 ab
336 1225 381 1282 his
403 1223 611 1292 dissentientes,
631 1223 686 1280 alia
706 1223 870 1300 probabilia,

79 1315 178 1366 contra
191 1304 246 1361 alia
257 1303 388 1361 dicimus.

124 1383 201 1450 Quid
215 1391 259 1440 est
271 1383 364 1458 igitur,
377 1379 453 1454 quod
466 1399 512 1438 me
526 1379 671 1458 impediat,
683 1397 717 1437 ca
728 1398 789 1453 quae
800 1379 872 1438 mihi

79 1461 237 1540 probabilia
258 1459 412 1528 videantur,
432 1460 537 1530 sequit
558 1479 620 1532 quae
643 1468 747 1526 contra,
768 1459 873 1535 impro-
961 1473 964 1478 ·

81 1544 169 1599 bare:
204 1549 286 1610 atque
321 1537 477 1595 affirmandi
511 1539 695 1614 arrogantiam
728 1537 872 1604 vitantem,

83 1620 181 1696 sugere
215 1616 409 1692 temeritatem,
441 1634 503 1686 quae
537 1635 555 1672 a
587 1615 724 1690 sapientia
757 1614 875 1671 dissidet

83 1695 260 1776 plurimuml
303 1693 410 1752 Contra
433 1703 526 1750 autem
554 1695 650 1750 omnia
676 1692 832 1767 disputatur
858 1711 875 1750 a

83 1775 200 1841 nostris,
213 1771 288 1845 quod
313 1773 368 1830 hoc
393 1771 489 1846 ipsum
514 1771 657 1848 probabile
682 1771 792 1828 elucere
816 1789 874 1830 nou

84 1855 189 1933 possit,
202 1853 305 1910 nisiex
315 1862 431 1923 utraque
443 1860 530 1926 parte,
543 1869 702 1908 caussarum
717 1858 794 1906 esset
804 1848 876 1906 sacta

81 1933 241 1994 'contentia
281 1930 337 1988 Sed
350 1931 410 1987 haec
424 1930 571 2006 explanata
582 1939 647 1986 sunt
658 1930 686 1988 in
698 1927 875 1986 Academicis

85 2011 191 2074 uostris
206 2009 283 2076 satis,
297 2018 328 2066 ut
347 2009 473 2076 arbitror,
488 2008 643 2084 diligenter.
684 2008 752 2066 Tibi
772 2019 875 2076 aulem,

85 2091 127 2150 mi
142 2089 255 2156 Cicero,
265 2106 424 2160 quanquam
439 2088 468 2144 in
483 2088 678 2160 antiquissima
688 2087 876 2146 nubilissima-

87 2187 144 2244 que
167 2167 374 2245 philosoplria,§
396 2165 533 2243 Cratippo
554 2173 675 2235 auctore,
695 2167 825 2235 versaris,
840 2166 877 2224 iis

119 2312 135 2345 ’t
152 2309 313 2358 Occurritur:
329 2307 350 2355 it
360 2308 383 2355 is
394 2305 504 2370 objected:

119 2375 133 2428 †
148 2375 245 2424 Satisne
257 2379 399 2422 constanter.
424 2372 490 2420 Wtrt
501 2388 516 2419 a
528 2371 575 2421 due
586 2371 678 2437 regcrd
688 2382 711 2423 to
722 2374 877 2436 consistency.

120 2440 132 2492 t
153 2440 184 2488 Ut
203 2440 283 2488 ceteri.
314 2437 402 2486 “Ordo
419 2437 538 2486 sermonis
556 2440 715 2500 perturbatior
739 2445 776 2486 est
793 2444 818 2486 et
837 2437 876 2485 ob-

86 2521 174 2554 scurus
192 2502 378 2568 amphibologid.
410 2503 452 2550 Sic
469 2503 575 2551 ordinari
593 2510 684 2566 potest:
716 2502 769 2552 Nos
787 2501 877 2550 dissen-

19 2567 22 2572 ’
89 2571 178 2618 tientes
189 2571 219 2618 ab
229 2569 275 2628 his,
286 2583 390 2630 nemque
406 2567 501 2626 Stoicis,
512 2567 554 2630 qui
571 2568 620 2616 ulia
637 2569 721 2617 dicunt
735 2582 788 2614 esse
805 2571 878 2624 certa,

88 2634 138 2682 alia
148 2635 247 2692 incerta,
258 2633 321 2682 aicut
337 2639 362 2681 et
377 2633 450 2680 ceteri
467 2632 600 2682 academici
611 2632 763 2689 discentium,
774 2629 878 2679 dicimus

90 2699 139 2748 clia
149 2699 287 2762 probabilia,
299 2697 346 2748 ulia
357 2697 546 2759 improbabilia.”
579 2697 675 2746 Eresm.

122 2764 135 2824 b
152 2763 313 2826 Philosophia.
345 2763 400 2811 The
416 2762 563 2824 Peripatetio
578 2768 642 2818 scct;
661 2767 687 2810 to
702 2759 784 2808 whose
800 2765 878 2808 tenats

9 2821 10 2848 ³
89 2831 158 2880 those
169 2828 297 2877 embraced
307 2829 339 2890 by
347 2827 441 2884 Cicero,
450 2827 543 2890 though
554 2832 598 2875 not
606 2824 745 2889 identicully
753 2824 794 2874 the
803 2840 878 2886 same,

9 2905 10 2914 ¹
88 2894 175 2960 nearly
186 2891 473 2962 approuched-finitimo
483 2891 576 2940 cemma.

465 2958 518 3010 12*
