1984 3276
132 219 168 274 13
417 211 464 262 nn
482 212 633 263 ormena.

129 359 185 418 hoc
200 375 310 436 genere,
326 366 354 413 et
367 356 483 414 naturali
497 365 525 414 et
538 356 667 427 honesto,
681 353 737 414 duo
750 353 926 414 uitiositas·
975 343 976 416 i

129 438 165 496 da
178 447 260 494 sunt:
281 453 380 501 unum,
401 454 437 491 ne
451 435 594 510 incognita
613 453 664 511 pro
679 434 798 510 cognitis
813 434 924 496 haben·

129 533 203 580 mus,
225 515 324 584 hisque
350 525 454 571 temere
482 515 698 571 assentiamus:¹
715 512 791 585 quod
815 513 924 572 vitium

130 593 252 667 affugere
275 594 323 663 qui
344 594 427 659 volet,
450 591 561 670 (omnes
582 603 674 650 autem
701 592 772 648 velle
800 589 927 670 debent)
974 621 976 706 4

131 671 272 728 adhibebit
286 671 320 728 ad
340 671 556 732 considerandas
577 689 622 728 res
642 679 671 728 et
686 680 798 746 tempus
812 679 841 727 et
855 669 923 730 dili·
975 709 976 718 t

130 749 263 826 gentiani.

169 827 295 886 Alterum
310 836 353 884 est
372 827 487 894 vitium‚'
503 825 578 899 quod
597 825 711 900 quidam
734 825 819 884 nimis
840 845 922 904 mag·

130 925 198 963 num
213 905 335 984 studium
350 907 520 978 multamque
535 924 649 980 operam
663 907 693 963 in
714 924 758 962 res
782 906 920 994 obscures

131 995 212 1055 etque
227 983 354 1040 difficiles
370 984 524 1049 conserunt,
539 983 709 1055 easdemque
721 1003 777 1042 non
786 1001 921 1042 necessa·

129 1063 194 1119 rias.
237 1063 345 1128 Quibus
361 1061 436 1119 vitiis
450 1061 606 1130 declinatio,
623 1063 704 1135 'quod
723 1063 752 1120 in
766 1063 849 1120 rebus
865 1063 920 1120 ho·

129 1141 217 1198 uestis
232 1153 260 1197 et
271 1141 432 1218 cognitione
442 1140 535 1218 dignis
545 1159 637 1217 operae
647 1159 775 1214 curaeque
785 1149 919 1216 ponetur,

130 1217 158 1276 id
169 1220 232 1294 jure
247 1217 420 1278 laudabitur:
435 1221 505 1278 utin
514 1220 678 1295 astrologia*
691 1219 728 1276 C.
744 1219 921 1295 Sulpiciumi
973 1211 976 1330 i

130 1299 269 1365 audimus,
298 1299 328 1355 in
355 1300 509 1374 geometria
543 1299 611 1356 Sex.
640 1299 827 1376 Pompeium
859 1298 920 1374 ipsi
975 1339 976 1348 κ

131 1376 326 1452 eognovimus·
339 1377 442 1434 multos
457 1377 486 1434 in
507 1375 671 1445 dialecticis,
688 1378 783 1452 plures
804 1378 833 1434 in
852 1377 919 1452 jure

131 1455 217 1522 civili.
245 1455 314 1521 Quae
324 1474 423 1514 omnes
433 1467 505 1513 artes
519 1456 550 1514 in
561 1455 619 1512 veri
629 1455 841 1532 investigatione
856 1473 920 1514 ver-

132 1544 237 1599 santur,
252 1535 332 1610 cujus
347 1533 440 1592 studio
460 1555 477 1590 a
495 1535 578 1592 rebus
593 1534 724 1610 gerundis
739 1534 838 1592 abduci
852 1551 919 1591 oon·

130 1622 172 1670 tra
186 1612 310 1671 officium
325 1622 378 1671 est.
419 1613 538 1672 Virtutis
553 1614 630 1672 enirn
644 1613 704 1671 laus
722 1614 814 1670 ornnis
829 1613 858 1668 in
873 1631 918 1668 ao-

131 1693 206 1750 tione
222 1693 386 1766 consistitzt
409 1711 495 1766 aqua
505 1702 598 1752 tamen
609 1693 641 1750 fit
649 1691 820 1750 intermissio
830 1709 917 1767 saepe,
975 1767 976 1786 Χ

975 1793 976 1832 t

131 1865 201 1922 have,
213 1866 251 1910 sor
263 1865 383 1924 instance,
394 1868 455 1912 been
469 1867 493 1911 in
506 1865 644 1924 possession
656 1866 686 1912 os
700 1880 716 1912 a
728 1865 868 1912 settlernent
883 1881 916 1914 ou

132 1928 173 1972 the
185 1935 252 1973 coast
261 1929 291 1972 os
299 1929 359 1973 New
370 1929 479 1979 Holland
492 1931 530 1972 sor
541 1944 556 1973 a
568 1929 652 1986 period
665 1931 693 1974 os
703 1930 761 1976 time
774 1930 847 1989 equal
858 1938 883 1978 to
901 1945 917 1979 a

131 1982 275 2049 generation
286 1992 316 2036 os
330 2005 401 2036 man:
418 1991 511 2037 several
523 1991 628 2038 milliens
639 1994 668 2038 os
676 2008 764 2053 money
776 1994 837 2041 have
853 1997 916 2041 been

129 2054 258 2110 expended
268 2052 292 2098 in
304 2053 443 2113 colonizing
455 2055 504 2098 and
517 2053 681 2116 maintaining
697 2058 750 2106 thot
762 2059 915 2116 settlernent;
975 2077 976 2082 ¹

132 2118 175 2162 but
191 2123 217 2160 to
225 2115 281 2176 ‚this
293 2117 342 2176 day
358 2117 399 2162 the
415 2124 520 2177 country
530 2117 554 2164 iu
571 2119 612 2164 the
625 2119 757 2168 interioris
773 2123 859 2180 utterly
873 2136 917 2168 un·

132 2181 221 2226 known
231 2189 255 2224 to
265 2193 301 2224 us.
321 2226 324 2232 ,
334 2181 399 2228 Such
411 2180 545 2242 ignorance
554 2196 608 2243 may
620 2182 708 2232 indeed
717 2187 847 2232 betermed
857 2187 915 2236 both
975 2191 976 2204 ¹

130 2241 341 2304 matumettarpe.
758 2277 761 2284 v

161 2307 176 2337 ¹⁵
188 2305 420 2368 aistrologiu--Now¹
430 2305 526 2356 terined
540 2309 701 2372 Astronoiny:
719 2313 760 2358 the
772 2311 915 2376 knowledge

131 2369 160 2416 ot'
174 2369 215 2416 the
227 2371 318 2416 motion
336 2373 383 2418 and
404 2373 519 2420 relations
532 2375 561 2419 of
574 2376 614 2420 the
633 2377 750 2436 irenrenly
763 2378 854 2424 bodies.
877 2379 913 2440 By

132 2432 235 2492 Seneca,
249 2434 294 2492 Ep.
305 2435 344 2484 95.
360 2437 408 2483 this
418 2437 513 2484 science
525 2453 631 2498 appears
643 2439 819 2500 distinguished
831 2441 862 2500 by
873 2443 915 2490 the

132 2498 325 2544 ntodernnnme.¹
706 2511 710 2520 ¹

164 2561 176 2614 †
189 2562 215 2610 C.
233 2561 373 2625 Sulpicium.
407 2565 434 2611 ln
448 2580 463 2611 a
480 2579 531 2612 war
543 2567 641 2628 against
651 2567 745 2626 Perses,
756 2567 853 2628 kingos
860 2567 914 2617 Mu-

132 2626 245 2686 cedonio,
254 2628 282 2674 C.
293 2628 412 2686 Sulpicius
424 2629 507 2676 Gallus
518 2633 616 2678 warned
628 2632 665 2678 his
677 2640 837 2691 countrymen
846 2634 874 2680 os
881 2649 913 2684 en

132 2691 222 2750 eclipse
231 2692 309 2738 which
319 2707 368 2738 was
378 2700 401 2738 to
415 2695 472 2738 take
482 2693 551 2751 place
563 2711 594 2740 on
605 2697 646 2742 the
657 2697 706 2754 day
718 2697 747 2741 os
754 2697 837 2744 bottis.

163 2757 250 2863 tBSent.
266 2756 513 2866 Pgmpeium—Uncie
525 2760 554 2804 ot
569 2760 610 2806 the
627 2769 698 2820 great
716 2759 831 2822 Pompey.
862 2762 911 2812 Cic.

131 2817 156 2862 in
190 2827 236 2868 rut.
248 2836 270 2868 c.
298 2823 320 2870 7.
376 2829 379 2834 “

163 2879 321 2944 §laentum
337 2884 445 2936 omittit.
480 2886 559 2938 “The
578 2894 637 2938 mou
656 2889 757 2940 sublime
772 2887 911 2954 numidica
