1970 3272
138 233 197 290 210
357 306 365 325 .
422 230 470 280 DE
488 229 644 280 ormena.

170 381 208 425 ent
218 379 302 425 oontm
307 377 432 421 naturamt
448 386 492 434 pro
508 369 642 427 mularum
660 377 743 422 autem
763 370 940 428 tmolumitau

170 447 196 490 ot
206 441 281 489 salute
297 437 390 488 labores
402 443 427 486 et
438 437 561 486 molestiae
576 435 705 514 succipere,
716 439 856 488 sectandum
868 448 940 490 natu-

170 519 224 554 ram
235 509 278 552 eet
300 500 373 550 Hanc
383 500 464 566 legum
475 501 517 565 qui
529 509 665 562 eemverrt,
676 517 802 568 nunquam
811 506 940 556 aberrabit

170 583 248 630 neque
260 573 302 616 am
311 567 460 629 temporibus
476 566 662 630 perturbabitur,
674 573 717 616 out
731 569 788 633 jure
799 568 879 629 civili,
891 587 940 634 quo

170 649 224 695 que
242 631 407 680 conceduntur
418 631 499 694 turpio
509 632 607 694 quidem
618 629 738 695 plerisque
751 647 802 682 non
813 633 939 693 videntur,

170 696 212 744 aed
228 703 286 744 eunt
306 703 388 746 tamen
411 695 553 760 sepissime,
584 711 644 746 uum
664 697 775 746 formido
793 700 937 749 condimce

169 761 193 810 b.
204 776 225 812 e.
236 759 285 825 logi
294 769 395 820 nature,
402 769 546 825 repugnant.
568 714 602 810 bt
608 762 655 810 hac
661 761 767 812 formula
774 761 865 812 deinde
872 764 936 814 mub

170 832 208 874 tea
218 826 363 888 questiones
374 827 513 890 propositos,
524 825 612 889 quibus
623 826 730 876 officium
740 843 772 876 ex
783 829 936 892 temporibus

169 890 310 954 exquiritur,
321 891 431 955 explicat·

136 1066 228 1126 OAP.
249 1065 273 1126 1.
314 1063 360 1124 Do
386 1063 446 1157 otio
477 1063 644 1160 Scipionfor
671 1083 732 1126 noa
758 1065 839 1126 idem
867 1085 930 1127 eree

401 1143 550 1206 &ceroma
563 1150 668 1203 otcum.

177 1272 313 1333 Poenum
338 1273 513 1352 Scipionem,
539 1271 636 1332 Marce
657 1274 708 1344 fili,
728 1293 794 1334 curn
808 1277 859 1350 qui
875 1278 930 1355 pri·

136 1372 202 1412 mue
213 1353 360 1410 Africanus
374 1353 528 1428 appellatus
543 1353 590 1421 sit,
605 1353 697 1412 dicere
712 1355 825 1412 solitum
841 1357 930 1433 scrip·

135 1432 176 1490 cit
189 1430 271 1499 Cato,
289 1431 338 1504 qui
352 1429 404 1488 suit
416 1429 473 1488 fere
487 1432 549 1508 ejus
563 1432 707 1504 aequalia*
730 1431 928 1507 “Numquam

138 1529 170 1569 se
185 1510 277 1569 minus
303 1509 426 1568 otiosum
448 1527 522 1576 esse,
543 1527 626 1582 quarn
648 1527 714 1568 cum
727 1512 852 1570 otiosus:
874 1530 928 1570 nec

138 1589 527 1660 minuseolum,qua1ncum
546 1588 624 1647 solus
645 1587 752 1646 esset.”
794 1590 927 1667 Magnifi-

137 1687 251 1725 oavero
271 1686 337 1734 vox,
363 1676 392 1724 et
416 1685 516 1746 magno
537 1665 597 1724 viro
622 1685 654 1724 ac
676 1666 803 1744 sapiente
822 1667 923 1745 digna:

138 1765 200 1819 quae
215 1746 345 1810 declarat,
361 1744 440 1802 illum
456 1745 524 1802 etin
537 1745 595 1803 otio
607 1743 641 1803 de
656 1746 776 1822 negotiis
791 1748 925 1823 cogitare,

138 1834 166 1882 et
188 1826 217 1882 in
240 1822 391 1882 solitudine
412 1841 508 1880 aecum
529 1823 607 1895 loqui
631 1822 761 1890 solitum
782 1833 814 1882 ut
834 1844 926 1898 neque

137 1913 262 1959 cessaret
282 1919 416 1972 unquam,
437 1912 465 1956 et
484 1901 625 1958 interdum
648 1901 789 1974 colloquio
814 1902 925 1961 alteriue

139 1999 195 2038 non
210 1987 312 2054 egeret.
352 1977 394 2034 Ita
408 1977 469 2034 duae
483 1997 538 2045 res,
554 1992 616 2050 quae
630 1979 794 2055 languorem
808 1979 925 2040 afferunt

136 2058 247 2120 ceteris,
262 2055 341 2114 illum
356 2056 501 2124 acuebant,
517 2056 605 2114 otium
617 2065 645 2114 et
656 2055 789 2115 sotiudo.
814 2057 923 2116 Vellem

136 2135 218 2192 nobis
232 2134 287 2192 hoo
300 2133 376 2192 idern
397 2133 490 2192 dicere
517 2135 628 2194 liceret:
650 2133 701 2192 sed
716 2136 742 2194 ei
757 2136 850 2194 minue
865 2137 924 2196 imi·

137 2213 240 2270 tatione
254 2221 356 2269 tantam
373 2212 478 2288 ingenii
493 2213 680 2290 prestantium
704 2215 843 2287 consequi
862 2235 924 2292 pos·

136 2309 245 2359 sumus,
257 2290 397 2348 voluntate
411 2300 485 2349 certe
500 2292 629 2370 proxime
640 2291 812 2350 accedimus.
849 2293 923 2352 Nam

120 2381 165 2428 ·et
175 2389 193 2428 a
203 2389 233 2430 re
244 2368 356 2448 publica
364 2367 578 2444 forensibusque
591 2371 712 2448 negotiis
723 2370 925 2450 armisimpiist

420 2541 669 2592 UHAP'I'ERL'

169 2649 184 2679 ⁸
196 2643 318 2711 Arpauu
349 2643 411 2694 Cato
429 2641 470 2692 the
481 2657 567 2692 censor
578 2657 629 2692 was
644 2656 711 2690 some
726 2655 801 2756 dem
815 2657 925 2708 younger

135 2709 196 2760 dnn
206 2712 248 2762 the
262 2709 315 2760 first
325 2707 407 2774 Scipio
422 2705 565 2758 Africanus:
581 2707 653 2755 when
668 2705 710 2754 the
749 2711 797 2756 tter
812 2721 864 2756 waa
874 2723 925 2774 pro·

137 2776 222 2825 conoul
234 2776 260 2824 in
271 2775 363 2834 Africa,
373 2775 434 2824 Cato
445 2790 495 2822 was
506 2771 546 2822 his
556 2776 668 2835 quaestor.

169 2839 279 2889 iArmir
290 2841 381 2904 impiis.
412 2841 447 2889 At
457 2837 506 2888 this
517 2838 584 2895 time,
595 2835 631 2886 Μ.
642 2835 750 2898 Antony,
761 2833 835 2884 when
852 2835 882 2884 be
893 2845 926 2885 at

152 2901 225 2950 ended
234 2904 439 3018 tlilsslwpaoe'dw
450 2899 620 2972 accompunied
635 2901 694 2965 hya
708 2897 786 2964 guard
802 2897 833 2952 os
843 2903 926 2956 mei

156 2977 201 3014 reu
291 2984 334 3016 .u.
345 2985 376 3018 an
405 2985 427 3020 v,
