1970 3278
136 157 174 210 82
412 151 459 198 uu
477 149 630 199 oramus.
721 129 725 134 '

138 297 210 372 piter
220 295 376 360 irridentur,
391 302 420 350 et
429 293 459 350 in
471 292 603 350 maximis
616 299 766 348 versantur
777 291 952 350 erroribus,

140 375 197 432 Sed
209 375 270 432 haee
284 371 398 444 quidem
412 372 556 429 hactenus.
666 383 668 388 '

178 452 249 510 Illud
264 454 372 508 autem*
387 450 429 507 sio
443 461 487 507 eet
502 447 696 526 judicandum,
711 449 869 506 maximas
884 448 939 526 geri

139 550 184 588 rer
194 543 220 586 et
233 530 349 590 maximi
359 531 443 592 animi
454 529 488 586 ab
498 530 543 595 iis,
554 529 602 600 qui
616 547 661 584 res
676 527 811 603 publicas
830 537 936 604 regant,

139 609 212 680 quod
227 627 321 666 earum
335 607 536 678 administratio
550 607 687 664 latissime
703 617 808 687 pateat
826 606 866 662 etl
881 607 935 682 plu·

138 688 280 758 rimasque
295 689 456 762 pertineat..
483 687 558 744 Ense
568 696 662 742 autern
676 685 773 759 magni
789 685 900 750 altirei,
912 693 934 740 et

138 763 225 822 fuisse
236 767 337 824 multoe
353 767 437 824 etiam
452 765 552 822 invita
566 764 665 829 otiosa,
682 763 731 834 qui
746 771 798 820 aut
815 763 933 820 inresti-

138 856 250 918 garent,
266 855 312 901 aut
332 855 503 902 ,conarentur
523 853 624 918 magna
644 841 785 913 quedem,
809 857 931 912 seseque

139 939 252 980 suarum
269 941 358 980 rerum
373 923 475 980 finibus
496 922 690 979 continerent:
713 929 762 976 aut
776 918 931 996 interjectil

139 997 211 1056 inter
235 1001 421 1076 philosophos
442 1013 470 1058 et
490 1019 550 1066 eos,
565 1000 614 1072 qui
636 1017 695 1056 rent
716 998 870 1073 publicam
892 996 931 1054 ad·

125 1077 336 1146 ministrarent,
358 1079 561 1136 delectarentur
581 1096 611 1134 re
633 1076 855 1144 suasamttari,
879 1093 929 1134 non

137 1173 199 1212 earn
217 1157 335 1231 quidem
364 1159 442 1218 omni
463 1159 569 1214 ratione
590 1165 806 1232 exaggerantes,
840 1171 929 1227 neque

139 1234 319 1295 excludentes
335 1237 368 1294 ab
390 1237 450 1312 ejue
464 1255 517 1293 usu
539 1234 625 1293 euos:
648 1234 803 1310 potiusque
820 1234 928 1291 eterni·

138 1313 179 1370 oie
194 1313 413 1388 impartientee‚‡
436 1326 464 1371 et
482 1315 666 1390 reipublicae,
682 1313 707 1368 si
728 1311 849 1385 quando
864 1328 927 1370 usus

137 1402 222 1448 esset.
264 1392 335 1458 Quae
351 1397 471 1467 primurn
494 1394 564 1450 bene
587 1391 723 1468 partaeit,
740 1391 822 1467 trullo
839 1407 926 1464 neque

139 1471 212 1546 turpi
228 1474 361 1545 quaeetu,§
377 1489 468 1544 neque
483 1471 601 1529 odioso:
619 1481 774 1540 tunquam
786 1469 928 1545 plurimis,

138 1549 224 1607 modo
236 1549 338 1625 dignis,
353 1569 385 1608 se
400 1551 494 1608 utilem
510 1551 648 1626 praebeat:
671 1547 773 1605 deinde
795 1561 927 1624 augeatur

136 1629 253 1697 ratione,
268 1629 420 1706 diligentia,
435 1629 624 1704 parsimonia:
646 1623 822 1684 neoltbtdtnr
834 1628 925 1702 potius

138 1705 322 1778 luxuriaque,
338 1727 423 1780 quam
443 1705 598 1764 liberalitati
612 1714 640 1761 et
660 1703 859 1761 beneficentiae
883 1723 924 1781 pa·

137 1792 202 1842 teat.
245 1785 316 1842 Haeo
330 1785 491 1860 prescripta
510 1791 667 1840 servantem
681 1781 748 1838 lieet
761 1783 922 1858 magnifiee,

137 1862 258 1936 graviter
272 1863 453 1934 animoseque
468 1862 572 1929 vivere,
588 1872 671 1932 atque
685 1861 772 1917 etiam
788 1861 923 1939 simplici-

139 1948 190 2005 ter,
205 1938 333 2006 fideliter,
349 1941 412 1998 vitae
426 1938 574 1996 hominum
589 1939 687 1996 amice.
717 1971 718 1976 κ
738 1974 740 1978 -

167 2093 182 2124 ¹
195 2089 263 2138 Illud
270 2099 357 2141 antem.
374 2091 428 2142 'Phe
439 2092 576 2142 remainder
587 2094 616 2142 of
628 2094 677 2144 this
687 2094 793 2158 chapter,
803 2093 922 2148 Fwoiolr·

136 2155 290 2205 tioonsiders
301 2173 328 2205 aa
344 2164 386 2206 out
397 2158 426 2206 of
438 2157 470 2206 ite
486 2158 570 2220 plaoe;
586 2160 634 2208 and
650 2159 703 2208 that
714 2159 734 2208 it
744 2159 833 2209 should
850 2162 881 2210 be
891 2178 922 2210 re-

137 2221 236 2270 morem
253 2221 356 2284 perhaps
365 2230 390 2272 to
401 2223 470 2285 chep.
482 2224 530 2272 xxi.
542 2225 626 2286 ofthis
639 2223 713 2274 Book.

168 2287 180 2336 l
197 2285 327 2350 Interjeoti.
343 2288 452 2354 Holdlng
466 2285 483 2338 'e
497 2289 587 2338 middle
606 2290 674 2352 pleoe
692 2290 803 2338 between
823 2291 922 2352 pbiloeo

136 2351 206 2414 phers
218 2351 265 2399 and
274 2351 417 2413 politioians.
545 2373 546 2379 ¹
888 2408 891 2416 ,

168 2415 178 2467 i
191 2415 364 2478 Importientea.
380 2417 442 2466 This
453 2419 616 2483 orthography
625 2418 655 2468 of
660 2419 700 2467 the
707 2417 774 2476 verb,
785 2433 843 2468 norr
854 2437 921 2486 gene·

136 2481 197 2544 rally
209 2481 305 2530 written
316 2483 432 2546 impertio,
444 2484 465 2532 is
477 2485 602 2546 preserved
613 2484 639 2534 in
650 2500 725 2548 many
737 2482 818 2542 MSS,
829 2487 879 2535 and
889 2502 920 2535 re·

138 2561 194 2594 oure
206 2547 243 2594 oh.
254 2546 292 2595 te.
302 2548 349 2596 and
361 2547 400 2596 lib.
411 2548 437 2596 ii.
449 2549 486 2596 15.
519 2550 544 2596 A
555 2549 647 2598 similar
654 2548 827 2608 abbreviation,
838 2549 859 2601 it
867 2567 920 2616 may

135 2610 164 2656 be
174 2613 355 2725 obserffissswas
366 2613 493 2676 employed
503 2619 528 2661 to
539 2629 636 2676 express
644 2629 699 2678 par,
709 2629 763 2678 per,
771 2614 824 2662 and
832 2631 887 2679 por,
898 2617 920 2666 ln

137 2683 235 2724 onerent
311 2711 317 2726 .

169 2737 307 2800 §Quartae
339 2731 454 2808 Seei.2d.
466 2739 556 2792 notae.
653 2725 655 2734 Α
