1978 3268
149 221 208 278 250
429 219 478 281 DE
496 217 650 270 omens,

152 523 240 584 CAP.
262 519 343 588 xiv.
387 519 523 584 'I'erliom
538 519 701 662 cccrnpltrm
715 519 822 606 Pythis·
830 543 845 596 ‚-
871 522 948 603 quid

414 603 454 663 tlt
468 603 552 662 dolus
565 621 615 662 mo
626 621 673 660 us.

188 745 274 814 Quot
292 745 319 804 si
335 743 511 826 vituperandi
525 756 600 812 sunt,
615 745 663 820 qui
678 745 858 812 reticuerunt,
872 745 943 820 quid

148 821 184 882 de
211 823 246 883 iis
273 821 491 888 existimandum
520 838 573 892 est,
589 825 639 897 qui
665 824 798 884 orationis
834 828 943 886 vanita-

148 908 223 962 tem*
237 903 442 962 adhibueruntl
484 903 520 960 G.
535 902 654 970 Canius,
672 921 758 975 eques
780 902 942 967 Romanus.

148 999 202 1040 nec
216 983 361 1049 infacetus,
376 993 404 1038 at
417 983 484 1038 satis
498 981 643 1048 litteratus,
656 999 721 1038 cum
734 999 765 1038 se
781 981 942 1057 Syracusas

147 1061 252 1118 otiandi
279 1071 310 1116 ut
335 1060 397 1134 ipsc
425 1059 517 1116 dicere
545 1059 661 1126 solebat,
691 1077 747 1116 nou
776 1061 941 1135 negotiandi

148 1153 258 1204 caussa,
273 1137 447 1204 contulisset,
462 1137 613 1206 dictitabat,
628 1157 660 1195 se
680 1135 805 1194 hortulos
827 1138 940 1210 aliquos

147 1233 241 1279 emere
266 1214 350 1282 velle,
372 1235 429 1288 quo
450 1214 567 1274 invitare
589 1216 706 1284 amicos,
726 1226 755 1272 ct
773 1216 822 1272 ubi
843 1235 876 1273 se
892 1219 940 1276 ob·

146 1293 249 1352 lecture
268 1295 331 1352 sine
351 1294 604 1370 interpellatoribus
625 1304 731 1370 posset.
773 1293 858 1359 Quod
873 1313 939 1352 cum

147 1371 362 1450 percrebuisset,
375 1372 499 1450 Pythius
509 1374 537 1430 ai
545 1372 670 1445 quidam,
680 1373 729 1444 qui
740 1373 939 1448 argentariaml

147 1449 252 1513 faceret
271 1451 431 1528 Syracusis,
446 1452 559 1508 venales
574 1448 688 1522 quidem
710 1469 741 1507 ta
761 1451 859 1508 hortos
882 1470 938 1510 nort

146 1528 259 1598 habere,
280 1529 332 1588 sed
350 1530 435 1588 licere
454 1530 496 1586 uti
517 1528 618 1596 Canio,
641 1529 665 1585 si
687 1529 779 1595 vellet,
800 1538 833 1586 ut
856 1530 935 1591 suis:

146 1617 176 1667 et
195 1608 279 1668 simul
299 1607 334 1667 ad
354 1626 463 1671 cranam
484 1608 628 1666 hominem
642 1608 672 1664 in
687 1607 783 1666 hortos
798 1607 936 1675 invitavit,
972 1669 976 1682 Ι

145 1686 176 1745 in
204 1699 347 1764 posterum
374 1687 460 1746 diem.
510 1685 586 1744 (lum
606 1686 653 1743 ille
674 1687 862 1762 promisisset,
878 1697 937 1744 tum

145 1765 278 1842 Pythius,
299 1765 348 1838 qui
374 1775 459 1832 esset,
480 1774 512 1822 ut
537 1765 718 1842 argentarius,
739 1763 813 1840 apud
833 1783 934 1822 omnes

146 1843 258 1902 ordines
271 1845 420 1922 gratiosus,
435 1845 587 1921 piscatores
608 1841 643 1900 ad
663 1861 694 1900 se
718 1844 893 1910 convocavit,
908 1852 936 1900 et

144 1923 179 1980 ab
204 1923 250 1980 his
275 1922 384 1998 petivit,
409 1933 441 1980 ut
467 1931 530 1980 ante
553 1940 621 1980 suos
647 1921 773 1980 hortulos
799 1921 934 1998 postridie

146 2000 338 2076 piscarentur:
354 1999 490 2072 dixitque,
506 1999 574 2073 quid
587 2019 636 2058 eos
652 1999 742 2058 lacere
754 1999 846 2061 vellet.
888 1999 934 2058 Ad

145 2095 265 2146 coenam,
277 2082 431 2155 tempore,‡
442 2079 519 2137 verrit
530 2077 653 2136 Canius:
668 2079 784 2156 opipara
799 2078 933 2154 sPytlrio

144 2166 306 2232 apparatum
333 2157 509 2214 convivium:
545 2158 710 2233 cymbarum
741 2166 804 2213 ante
835 2158 932 2215 oculos

142 2233 306 2292 multitudo:
339 2253 370 2293 ro
383 2253 414 2293 se
425 2237 554 2308 quisque,
565 2235 640 2308 quod
652 2244 773 2313 ceperat,
784 2233 931 2294 afferebat:

142 2321 204 2370 ante
219 2311 306 2388 pedes
319 2253 429 2390 lyrici,
445 2314 538 2389 pisces
553 2313 762 2390 abjiciebantur.

181 2389 259 2450 Tum
268 2389 386 2462 Genios,
394 2391 615 2472 Quaeso,inquit,
623 2391 692 2466 quid
700 2393 815 2460 esthoc,
826 2391 932 2469 Pythii

415 2575 580 2628 CHAPTER
596 2578 665 2629 xlv.

171 2699 187 2731 ¹
203 2696 329 2747 Orationis
340 2696 477 2745 multatam.
493 2695 494 2700 ’
510 2691 650 2743 Folacltood.

170 2761 379 2836 inArgcrttan'am.
411 2759 609 2825 Negotium,
621 2759 773 2810 understood.
805 2757 862 2808 Tho
879 2775 942 2824 pro·

140 2821 664 2955 itltltl⁰¹¹⁰rllltiltlffl⁹⁵
