1978 3268
314 221 374 270 ΜΒ.
387 219 453 268 ΧΙΙΙ.
473 220 546 268 CAP.
557 220 610 269 xil.
784 229 842 284 277

98 363 182 421 Multi
203 364 292 436 iniqui
312 373 394 436 atque
416 361 543 420 infideles
563 381 660 440 regno,
675 365 756 439 pauci
776 373 842 424 sunt

58 439 154 508 boni*
164 443 255 515 inquit
265 443 378 499 Accius.
408 441 446 497 At
458 442 504 498 cui
517 443 622 518 regno?
643 442 727 508 Quod
737 462 754 499 a
764 443 840 500 Ten·

56 520 113 578 talo
127 531 154 578 et
167 541 184 578 e
198 522 305 597 Pelope
320 519 460 596 proditum
471 519 534 594 jure
548 521 730 579 obtinebatur.
764 521 840 578 Nam

56 608 160 669 quanto
175 600 280 675 plures,
295 599 322 656 ei
337 597 423 674 regi,†
438 608 528 672 putes,
543 601 591 670 qui
606 600 728 656 exercitu
742 599 841 675 populi

56 676 179 734 Romani
200 678 337 754 populum
359 677 454 753 ipsum
466 675 628 734 Romanum
642 679 840 753 oppressisset,

55 755 253 827 civitatemque
268 774 325 813 non
344 755 430 812 modo
444 754 570 821 liberem,
585 755 634 812 sed
649 757 732 813 etiam
752 756 840 832 genti·

54 833 108 890 bus
123 834 318 908 imperantem,
333 835 437 891 servire
451 833 505 889 sibi
519 833 677 910 coegisset?

95 910 182 968 Hunc
194 922 222 968 tu
233 929 301 983 quas
313 912 490 970 conscientie
502 911 579 970 labes
593 913 622 969 in
634 912 727 969 animo
738 929 837 970 censes

51 989 207 1046 habuisse?
228 1009 289 1063 quae
310 991 441 1050 vulnera?
468 989 559 1067 Oujus
584 1001 677 1049 eutem
702 989 759 1047 vita
781 990 838 1065 ipsi

50 1075 148 1143 potest
161 1068 235 1126 utilis
250 1087 322 1137 esse,
338 1088 403 1128 cum
424 1069 485 1145 ejus
507 1071 571 1128 vitae
594 1089 628 1127 ea
650 1068 778 1128 conditio.
790 1068 837 1135 sit,

50 1155 93 1213 ut,
108 1146 156 1218 qui
170 1147 246 1206 iilam
261 1149 404 1224 eripuerit,
417 1147 447 1204 in
457 1149 581 1206 maxima
591 1158 620 1205 et
632 1149 720 1224 gratia
729 1147 837 1205 futurus

50 1225 99 1291 sit,
119 1234 148 1281 et
167 1226 272 1302 gloria?
294 1225 418 1291 Quodsi
438 1224 500 1279 haec
519 1227 599 1282 utilia
612 1244 669 1282 non
686 1237 760 1292 sunt,
775 1243 837 1298 quoe

49 1303 175 1360 maxime
196 1304 351 1374 videntur,‡
369 1301 435 1373 quia
454 1300 537 1376 plena
556 1311 622 1358 sunt
641 1302 784 1360 dedecoris
804 1321 837 1359 ec

50 1381 250 1456 turpitudinis;
282 1380 349 1436 satis
375 1395 540 1454 persuasum
565 1396 628 1436 esse
652 1377 744 1447 debet,
765 1379 837 1438 nihil

13 1499 14 1504 κ
47 1475 115 1516 esse
129 1458 208 1523 utile,
224 1456 299 1528 quod
313 1475 371 1514 non
385 1457 536 1513 honestum
550 1455 595 1513 sit.

46 1626 142 1688 cAP.
155 1626 255 1685 XXII.
299 1625 389 1685 Vario
408 1625 552 1704 dijudicat
576 1627 705 1705 ecernplc
727 1626 836 1696 Oieero,

90 1713 126 1765 ut
135 1712 236 1784 potent
249 1704 301 1782 qui
314 1704 383 1763 boni
397 1704 456 1763 viri
468 1711 570 1782 partes
584 1704 769 1784 eapientem,
784 1712 837 1764 etet

91 1783 287 1862 neglexerint.

90 1911 276 1985 Quonam&
299 1910 329 1970 id
349 1907 473 1983 quidem,
494 1927 559 1968 cum
579 1929 654 1986 saepe
679 1910 757 1978 alies,
777 1919 836 1969 tum

48 1991 156 2068 Pyrrhi
176 1990 250 2049 bcllo
270 1988 337 2047 aO.
353 1988 492 2055 Fabricio,
513 1988 629 2047 consule
649 1990 759 2058 iterum,
775 1999 836 2047 eta

82 2145 98 2178 ⁸
115 2143 184 2194 Boni.
218 2141 498 2209 Faooeeroble,sricndly.
530 2143 597 2209 Virg.
609 2143 661 2192 Eoi.
672 2160 694 2192 v.
705 2143 743 2193 65.
775 2145 836 2194 “Sis

48 2211 133 2268 bonus,
144 2209 281 2299 OJelixquc
297 2210 369 2260 tuis.”
401 2209 470 2268 Ceto,
485 2208 516 2258 R.
527 2207 558 2258 lt
573 2225 594 2258 c.
604 2208 628 2258 4.
660 2208 778 2260 “Vicinis
795 2211 835 2260 bo·

50 2289 98 2390 nui
109 2290 184 2404 egi.
217 2338 466 2402 Opposedtocnecr.

81 2401 170 2461 iQec
185 2405 290 2452 maxime
307 2402 428 2452 videntur.
461 2402 491 2467 If
502 2401 559 2451 tlten
574 2401 638 2452 tltoee
654 2401 689 2451 ttt
725 2401 835 2460 nechim

47 2465 108 2514 hove
119 2467 156 2515 tlte
166 2485 182 2516 o
226 2484 314 2518 aranee
326 2468 354 2531 os
361 2467 433 2532 being
443 2474 504 2516 meet
515 2467 647 2532 beneficiat,
657 2482 698 2516 reo
717 2482 785 2532 ynre
794 2473 834 2516 not

48 2531 181 2595 beneficiet,
207 2549 299 2593 econee,
310 2533 358 2581 &c

311 2705 472 2754 CHAPTER
489 2707 567 2754 XXH.

79 2811 269 2878 §Quamquam
302 2815 364 2864 This
380 2815 600 2880 reserstopocmn

48 2878 89 2929 tho
97 2878 144 2929 lest
152 2880 284 2945 preceding
292 2887 426 3004 centeno&4
445 2881 596 2948 Bymmepe
