1970 3278
108 203 113 210 ’
178 215 216 268 nn
460 209 509 258 nt}
526 208 678 259 omen&

176 352 269 424 tiaque
290 350 398 409 victuri.
437 350 507 418 Quae
527 350 651 409 faciliora
676 357 742 408 aunt
768 349 982 428 philosophis,

127 448 128 453 ¹
177 431 335 502 quominus
349 429 436 486 multa
446 434 541 504 patent
553 431 583 486 in
594 448 690 486 eorurn
699 429 764 496 vita,
777 447 845 501 quae
857 430 981 488 fortuna

176 507 263 575 feriat,
279 518 307 565 et
320 526 376 580 quo
397 509 490 581 minus
511 507 605 564 multis
620 508 701 564 rebus
716 517 820 583 egent:
845 518 880 564 et
897 511 976 581 quia.

175 585 281 662 siquid
302 585 410 644 adversi
430 588 549 651 eveniat,
570 596 626 642 tant
647 586 765 662 graviter
785 585 897 644 cadere
918 606 975 644 non

175 676 303 738 possunt.
324 664 462 731 Quocirca
475 684 531 723 non
546 664 607 721 sine
619 681 719 721 caussa
729 663 856 739 majores
873 678 974 722 motus

174 742 331 816 animorum
345 743 526 809 concitantur,
542 742 700 817 majoraque
720 741 897 798 efficienda*
914 763 972 800 rem

174 820 313 893 publicam
327 822 495 897 gerentibus,
507 839 590 892 quern
600 820 716 890 quietiat
739 837 796 890 quo
809 823 914 897 magis
928 823 969 878 his

173 908 201 952 et
214 899 433 974 magnitudo'eet
453 897 539 957 animi
559 897 725 965 adhibenda,
741 908 770 954 et
784 900 922 956 vacuitas
936 901 967 956 ab

5 980 27 1023 ν]
128 1043 130 1049 ¹
171 979 331 1051 angoribus.

213 1053 256 1111 Ad
272 1073 329 1112 rem
354 1051 503 1130 gerendam
519 1061 610 1111 autem
636 1054 685 1126 qui
707 1053 824 1120 accedit,
855 1066 963 1122 caveat,

173 1149 210 1188 ne
227 1132 256 1189 id
270 1131 354 1191 modo
368 1130 533 1198 consideret,
549 1151 632 1204 quarn
648 1132 695 1188 illa
708 1151 753 1189 res
767 1132 896 1191 honesta
910 1136 962 1191 sit:

174 1209 225 1267 aed
239 1212 332 1275 etiam,
342 1219 373 1267 ut
386 1210 485 1267 habeat
495 1210 635 1267 efficiendi
647 1210 814 1267 facultatem.
858 1212 895 1270 In
909 1231 961 1286 quo

174 1287 237 1363 ipso
257 1287 490 1346 considerandum
511 1297 563 1355 eat,
578 1306 614 1346 ne
635 1299 682 1346 aut
697 1298 800 1346 temere
814 1288 959 1367 desperet,

173 1376 287 1442 propter
299 1367 457 1442 ignaviam:
480 1377 526 1423 aut
539 1367 623 1423 nimis
638 1366 768 1432 confidat,
781 1379 904 1444 propter
917 1389 959 1427 cu·

172 1443 331 1600 iiiiii.
347 1443 956 1601 bttttitttttttttttatttttffl

333 1564 341 1592 ,
892 1568 901 1585 .

172 1696 262 1758 cnP.
275 1697 372 1757 XXII.
394 1696 432 1757 In
443 1697 527 1756 redut
541 1696 654 1766 erduic,
669 1695 716 1756 cel
722 1696 808 1775 pacit
818 1697 869 1756 vel
878 1699 952 1768 belli,

189 1778 338 1854 ¹conspici
362 1777 457 1836 animi
476 1795 526 1834 mo
570 1775 724 1834 tudinem.
766 1775 952 1838 Bomeaticca

199 1853 396 1938 fortitudines
410 1873 470 1913 non
483 1854 515 1912 in
530 1854 635 1911 eriorca
648 1872 707 1912 ctae
721 1852 916 1915 militaribus.

211 1994 272 2051 Sao
286 1993 491 2069 complerique
511 1993 684 2062 arbitrentur,
698 2014 743 2053 res
763 1996 879 2057 bellicae
897 2021 950 2060 ma·

166 2071 245 2147 joras
269 2088 344 2135 esse,
370 2090 454 2142 quam
478 2073 607 2140 urbanas,
630 2073 795 2136 minuendat
821 2089 867 2136 est
885 2081 949 2137 haec

171 2149 277 2224 opinio.
310 2149 395 2206 Multi
407 2150 481 2206 enim
491 2149 564 2206 bella
572 2170 647 2228 saepe
659 2153 829 2224 quaeeierunt
838 2171 949 2234 propter

169 2226 264 2304 gloriae
286 2226 476 2304 cupiditatem.
515 2230 607 2302 Atque
621 2230 651 2288 id
670 2232 700 2289 in
719 2233 829 2307 magnis
849 2237 948 2296 animis

200 2386 215 2417 ⁸
227 2381 367 2446 Efficiendo.
387 2382 513 2448 Majorque
535 2399 594 2434 cura
612 2386 739 2446 efficiendi,
755 2387 834 2437 iotha
851 2394 948 2459 reading

168 2449 242 2498 found
264 2449 290 2496 in
305 2449 396 2498 several
414 2449 499 2507 Mean
522 2457 565 2498 not
580 2451 735 2514 disapproved
754 2453 785 2516 by
802 2453 826 2503 J.
837 2454 874 2506 M.
885 2459 947 2508 Heu

168 2515 258 2580 einger,
268 2515 316 2563 and
327 2515 443 2566 admitted
454 2515 505 2564 into
516 2515 556 2563 the
567 2522 618 2564 text
629 2518 661 2583 by
671 2517 805 2566 Gemhard.

314 2633 320 2644 '
426 2655 589 2707 cnarrrut
604 2658 686 2711 xxn.

190 2786 212 2836 ‚i
230 2786 370 2836 Minuendu.
395 2787 446 2837 Not
461 2784 562 2851 directly
572 2786 735 2838 contradicted
741 2805 752 2846 ,·
771 2789 853 2841 butte
868 2791 895 2841 be
910 2765 943 2844 rc.

166 2849 247 2896 eet'oed
262 2852 403 2916 canidoualy.
519 2869 521 2874 ·
