1970 3272
240 297 242 306 ‚
321 235 430 284 uun.
445 235 602 287 onuxvn
698 304 708 319 Ι
739 2 950 298 Χ17ῡῖ

63 471 154 531 cAP.
175 471 259 530 xvl.
286 468 371 530 Alios
382 489 442 530 esse
450 471 605 550 prodigos,
618 470 693 531 alios
704 470 850 532 liberales:
935 441 937 446 Ι

143 549 292 610 sumtibus
309 549 498 627 quarendum
512 569 572 609 esse
585 551 772 630 dignitatem.

101 695 227 754 Omne
255 694 311 752 duo
339 703 405 752 sunt
431 713 535 769 genera
566 695 706 772 largorum
733 713 853 769 quorum

60 773 140 832 alleri
161 773 283 850 prodigi,
309 773 387 830 alleri
408 773 542 831 liberales,
574 773 699 850 Prodigi,
717 776 765 848 qui
784 793 852 852 epu·

60 852 108 920 lis,
137 863 167 910 et
194 853 453 920 viscerationibua'*
473 861 502 910 et
519 851 696 928 ,gladiatoriis
732 854 854 912 muneri·

61 931 126 997 bus,
141 930 272 988 ludorum
293 931 542 1004 venationumque†
561 940 703 1007 apparatu,
719 934 854 1008 paeonias

62 1008 239 1084 profundunt
261 1010 291 1067 in
316 1028 363 1068 eas
388 1029 443 1078 res,
470 1025 594 1082 quarum·
613 1013 779 1088 memoriam
806 1020 854 1068 aut

13 1111 16 1118 ·
61 1089 189 1152 brevem,
206 1097 252 1146 aut
265 1089 369 1146 nullam
384 1090 498 1148 omnino
520 1089 577 1146 sint
597 1089 730 1148 relicturi.
770 1089 853 1148 Libe·

61 1166 134 1223 rales
161 1176 265 1233 autem,
294 1168 342 1239 qui
369 1168 429 1224 suis
455 1167 630 1225 facultatibus
652 1178 699 1226 aut
718 1177 815 1245 captos
836 1185 853 1224 a

61 1243 243 1319 pradonibus
267 1245 416 1311 redimunt,
432 1256 479 1303 aut
492 1263 530 1302 aes
552 1245 673 1303 alienum
694 1247 853 1323 suscipiunt

62 1324 230 1390 amicorum,
246 1333 293 1382 aut
312 1324 342 1380 in
362 1323 481 1380 filiarum
503 1322 685 1382 collocatione
710 1323 851 1401 adjuvant,

62 1413 109 1458 aut
122 1401 296 1478 opitulantur
309 1401 339 1458 in
353 1420 383 1458 re
398 1401 443 1458 vel
457 1400 614 1474 quaerenda,
626 1401 672 1458 vel
685 1402 820 1479 augenda.

100 1480 201 1554 Itaque
223 1480 318 1543 miror,
340 1478 408 1551 quid
428 1479 457 1536 in
479 1490 600 1537 suentem
629 1481 736 1537 venerit
756 1481 852 1538 Theo·

61 1558 189 1634 phrasto,
204 1558 235 1614 in
248 1575 283 1613 eo
296 1557 367 1613 libro
384 1575 468 1626 quam
489 1557 524 1614 de
538 1557 642 1612 divitiis
663 1558 802 1632 scripsit‚‡
822 1557 852 1614 iu

61 1655 118 1708 quo
141 1635 232 1695 muna
257 1635 412 1710 praeelares
428 1634 498 1691 illud
525 1633 653 1690 absurde.
694 1635 749 1690 Est
775 1635 852 1692 euim

63 1717 169 1774 multus
192 1714 221 1772 iu
242 1711 378 1770 laudanda
398 1711 607 1789 magnificentia
626 1720 655 1767 ot
674 1712 853 1788 apparatione

62 1795 243 1870 popularium
256 1809 423 1850 munorum:
446 1791 597 1862 taliumque
612 1798 755 1847 sumtuum
768 1789 853 1848 saeul·

62 1880 147 1931 talem
162 1873 298 1945 lruolum§
313 1869 471 1928 divitiarum
483 1877 571 1947 putul.
613 1867 686 1925 Mihi
700 1877 793 1928 aulem
803 1869 851 1928 ille

338 2059 503 2111 cununun
518 2039 585 2108 xvi.

96 2193 111 2225 ⁴
127 2190 341 2241 Vuceruts'onilm.
374 2191 450 2256 Bygs'
462 2197 485 2239 ts
501 2189 529 2266 os
540 2195 605 2237 meat
620 2203 709 2255 ammsg
719 2187 758 2239 tlte

63 2255 111 2305 We
122 2257 191 2306 leam
208 2255 271 2305 from
287 2256 385 2304 Servius
396 2271 428 2303 on
473 2271 496 2302 n.
507 2269 523 2302 ι.
534 2253 589 2313 211,
604 2253 657 2304 that
672 2255 795 2323 snoieuly
808 2273 852 2307 un.

63 2321 105 2369 der
121 2323 163 2371 the
180 2327 243 2371 torm
258 2321 348 2379 viscus,
363 2321 404 2370 the
426 2319 553 2368 intestines
570 2319 644 2372 alono
660 2319 690 2369 of
700 2321 741 2382 dno
761 2321 853 2372 smmul

63 2386 219 2452 sluughtered
230 2401 294 2438 were
304 2393 348 2435 not
363 2393 389 2434 to
402 2386 431 2434 be
447 2384 600 2443 understood,
620 2385 662 2434 sed
671 2383 795 2450 'quidquid
807 2389 854 2438 sub

63 2452 182 2502 eorioeu

96 2517 110 2566 †
126 2516 336 2580 Venationumpue.
370 2514 408 2578 By
418 2513 468 2563 this
479 2514 501 2563 is
510 2520 593 2568 meant
603 2515 644 2564 the
655 2515 818 2566 introduction
829 2515 859 2564 of

65 2579 123 2628 wild
135 2581 238 2630 enimuls
248 2581 275 2629 in
286 2581 326 2630 tho
339 2579 425 2628 circus.

98 2642 223 2694 lDim‘tis'e
234 2646 340 2710 adripuit.
372 2644 428 2692 The
443 2644 542 2694 ueatiss
558 2643 588 2692 of
598 2643 789 2706 Theophrastus,
799 2661 830 2693 m

64 2708 183 2767 πλούτου,
200 2709 221 2758 is
237 2710 288 2758 oleo
303 2709 443 2758 mentioned
458 2709 491 2774 by
509 2709 632 2772 Diogenes
651 2707 771 2768 Laertius.
782 2721 804 2760 V.
815 2664 855 2770 dl,

67 2774 111 2822 but
122 2774 166 2822 has
177 2780 220 2822 not
230 2775 333 2822 reuehed
345 2773 469 2837 posterity.

99 2838 113 2897 d
125 2837 251 2887 Fructum.
271 2837 387 2886 Pacuuio
402 2837 503 2901 fruetus
519 2837 541 2884 is
556 2833 608 2883 also
627 2835 686 2884 used
697 2835 724 2885 iu
740 2835 781 2888 the
798 2837 855 2890 lsth

65 2902 174 2966 chapter.
184 2919 212 2953 or
222 2903 264 2953 the
276 2899 375 2964 benefida
385 2901 484 2965 usa'sing
490 2901 557 2964 from
568 2897 661 2949 uultu
