1984 3276
328 227 392 276 ΗΒ.
406 227 426 275 1.
441 227 518 277 cAP.
532 228 591 277 XX.
808 226 845 281 63

59 367 137 428 enda
148 367 295 444 cupiditas.
335 370 418 431 Nihil
431 371 505 428 enirn
518 382 561 427 est
571 378 626 426 tam
637 369 746 446 angusti
760 366 845 424 animi

57 458 178 519 tamque
192 449 279 522 parvi,
295 467 378 520 quam
399 468 491 506 amare
511 449 639 504 divitias:
661 447 732 504 nihil
746 447 847 502 hones·

57 527 118 584 tius
146 527 435 602 magnificentiusque,
450 545 532 598 quam
554 525 701 600 pecuniam
723 533 847 580 contem·

58 621 141 672 nere,
157 605 183 660 si
197 623 253 660 non
267 605 388 671 habeas;
410 605 435 659 si
455 606 568 669 habeas
584 603 618 660 ad
634 602 845 660 beneficentiam

58 677 314 752 liberalitatemque
349 679 483 740 conferre.
530 681 663 738 Cavenda
696 690 738 740 est
764 679 847 736 etiarn

60 758 161 835 gloriae
195 760 342 836 cupiditas,
370 769 400 816 ut
427 779 511 834 supra
537 759 606 816 dixi.
646 758 740 832 Eripit
772 757 848 814 enim

60 839 231 903 libertatem,
245 857 297 912 pro
312 855 366 910 qua
379 837 564 912 magnanimis
578 836 646 893 viris
660 835 752 892 omnis
767 835 849 892 debet

63 933 131 973 esse
146 917 296 974 contentio.
337 917 400 972 Nec
414 934 480 972 vero
494 915 619 990 imperia
638 913 802 989 expetenda,
817 929 849 968 ac

62 993 162 1068 potius
176 1004 287 1051 autnon
298 993 459 1070 accipienda
469 993 618 1058 interdum,
631 1001 677 1048 aut
685 990 850 1068 deponenda

61 1089 123 1128 non
138 1089 300 1142 numquam.

105 1144 272 1206 Vacandum
286 1159 377 1206 autem
392 1150 469 1208 omni
483 1146 619 1208 estanirni
634 1146 848 1222 perturhatione,

64 1235 127 1284 tum
147 1226 296 1302 cupiditate
313 1237 341 1284 et
362 1239 448 1294 metu,
463 1238 522 1284 tum
544 1227 627 1284 etiam
644 1223 809 1301 'egritudine
823 1233 851 1282 et

21 1351 24 1354 .
64 1305 208 1378 voluptate
224 1303 354 1382 [alumi]
375 1316 403 1361 et
424 1302 585 1371 iracundia;
617 1315 649 1361 ut
668 1304 850 1375 tranquillitas

65 1383 172 1448 animi*
186 1392 214 1438 et
227 1383 359 1438 securitas
374 1383 454 1448 adsit,
470 1403 531 1455 quae
546 1383 625 1440 affert
639 1401 701 1438 cum
723 1391 852 1440 constan-

66 1460 147 1522 tiam,
157 1466 216 1513 tum
227 1457 311 1514 etiam
323 1460 494 1534 dignitatem.
535 1461 620 1518 Multi
632 1470 723 1516 autem
737 1469 765 1514 et
775 1468 849 1526 sunt,

67 1544 98 1592 et
111 1531 231 1598 fuerunt,
244 1535 292 1603 qui
306 1553 377 1602 eam,
393 1555 476 1606 quam
491 1538 554 1594 dico
566 1537 790 1608 tranquillitatem
803 1555 851 1592 ex-

69 1619 209 1688 petentes
231 1629 247 1664 a
271 1612 389 1685 negotiis
410 1614 530 1686 publicis
558 1632 589 1670 se
609 1623 795 1678 removerunt,
817 1612 852 1670 ad
938 1637 939 1640 ¹

10 1751 11 1756 ἵ
70 1689 215 1759 otiumque
230 1687 420 1763 perfugerunt.
460 1689 494 1744 ln
507 1690 552 1745 his
567 1701 595 1746 et
609 1689 777 1744 nobilissimi
791 1690 852 1764 phi-

10 1779 11 1782 ’
70 1765 198 1855 losoplril
210 1764 350 1841 longeque
364 1765 517 1840 principes,
539 1775 567 1823 et
590 1765 703 1837 quidam
723 1765 852 1823 homines

72 1863 163 1903 severi
177 1853 204 1900 et
218 1861 326 1920 graves
343 1844 391 1916 qui
404 1862 456 1901 nec
477 1845 584 1920 populi,
601 1861 652 1899 nec
668 1843 854 1920 principum,‡

72 1941 165 1982 mores
187 1923 259 1980 ferre
279 1931 442 1998 potuerunt:
466 1923 648 1994 vixeruntque
669 1939 725 1978 non
739 1922 809 1978 nulli
823 1924 853 1982 in

72 2001 155 2078 agris,
171 1999 297 2058 delectati
317 2019 346 2058 re
371 2019 422 2058 sua
434 1999 571 2059 familiari.
613 1999 668 2056 His
693 1999 768 2056 idem
790 2019 853 2076 pro·

10 2145 11 2148 ,
72 2077 194 2158 positum
203 2079 263 2146 fuit,
276 2078 350 2152 quod
359 2079 479 2154 regibus,
491 2088 522 2136 ut
532 2095 568 2136 ne
580 2097 635 2150 qua
645 2095 675 2134 re
684 2087 806 2153 egerent,
816 2099 852 2153 ne

74 2236 189 2300 nigritae.
200 2249 220 2282 c.
233 2232 270 2281 14.
303 2233 333 2280 In
346 2249 419 2298 many
431 2233 502 2281 MSS.
513 2233 536 2281 is
551 2232 626 2280 found
642 2231 757 2290 nitentior
773 2233 854 2282 which

75 2301 178 2364 reading,
190 2299 269 2358 Toup,
280 2297 306 2344 in
317 2298 356 2344 his
372 2299 493 2346 Remarks
509 2313 541 2345 on
557 2298 648 2360 Bishop
668 2297 757 2345 Pearce
766 2311 772 2354 ;
780 2298 855 2358 ,Heu-

75 2373 160 2422 mann}
176 2364 225 2412 and
237 2363 383 2440 'Facciolati
400 2379 508 2426 approve.
540 2363 636 2411 Several
653 2361 724 2410 MSS.
735 2362 792 2420 uiso,
809 2363 856 2410 edd

75 2436 223 2541 withelmi.
239 2449 330 2538 Thrice
341 2491 367 2538 in
374 2491 415 2538 the
426 2507 493 2540 seme
505 2497 624 2549 sentence,
633 2490 682 2539 this
690 2491 757 2538 word
764 2505 855 2537 recurs.

78 2557 108 2605 In
126 2573 190 2605 some
207 2557 278 2604 MSS.
289 2556 330 2604 the
347 2557 441 2614 second,
459 2557 485 2603 in
505 2557 592 2614 others,
603 2557 644 2603 the
663 2555 728 2602 third
746 2555 822 2600 ocimi
834 2554 855 2600 is

10 2617 11 2628 ¹
78 2621 183 2669 omitted:
200 2623 243 2668 hut
254 2621 357 2676 Quintil.
370 2621 419 2680 (lib.
431 2621 480 2668 viii.
492 2637 512 2668 c.
522 2621 554 2681 3.)
571 2622 615 2668 has
626 2618 722 2668 notioed
733 2619 785 2664 that
794 2617 855 2664 such
871 2668 873 2671 v

10 2709 12 2754 ᾗ
80 2685 212 2747 repetitions
223 2701 264 2732 are
275 2691 318 2733 not
328 2684 618 2746 infrequentinCieero’s
629 2683 747 2743 writings.
812 2688 818 2700 '

109 2749 121 2823 i
136 2748 431 2824 Nobilissimtptv'losoplti.
447 2749 484 2796 Os
490 2749 643 2796 whom'vvere
652 2745 769 2801 Socrates,
778 2743 855 2804 Plato,

81 2813 198 2870 Aristode,
209 2813 280 2871 Zeno,
289 2813 478 2875 tndEprcurus.

111 2878 120 2929 t
131 2877 274 2940 Principum
281 2877 334 2944 ³,0f
345 2876 445 2939 leading
455 2873 613 2924 individuale.
