1978 3268
155 201 213 258 230
285 268 290 280 Ι
442 200 491 248 DE
509 197 665 248 orrlcust

157 351 206 400 tra
226 342 318 402 solent
337 358 394 399 non
414 340 510 400 omnia
535 339 647 407 docere,
668 337 720 398 scd
739 340 896 415 postulare,
919 347 950 398 ut

159 421 286 493 quadam
306 419 360 476 sibi
384 419 579 485 concedantur,
601 437 657 490 qno
677 417 797 485 facilius,
813 437 878 491 quae
902 436 950 476 vo-

156 498 228 565 lunt,
243 498 403 574 explicent:
425 497 467 554 sic
480 515 533 573 ego
556 507 612 555 ate
627 496 750 572 postulo,
765 497 805 553 mi
828 496 948 562 Cicero,

157 587 188 634 ut
202 574 271 633 mihi
285 571 433 644 concedas,
448 576 473 632 si
488 585 579 652 potes,
601 573 683 640 nihil,
699 584 799 651 praeter
813 573 852 642 id,
870 573 949 648 quod

159 653 310 712 honestum
323 653 369 722 sit,
384 665 498 731 propter
517 671 548 711 su
568 671 631 711 esse
651 651 852 730 expetendum.
895 653 949 710 Sin

159 731 214 789 hoc
227 750 285 790 non
298 732 364 790 licet
376 751 427 809 per
441 731 628 808 Cratippum:
650 741 678 788 at
688 730 756 788 illud
768 742 843 788 certe
856 729 947 798 dabis,

157 809 234 882 quod
256 811 406 869 honestum
427 811 473 876 sit,
498 809 528 868 id
548 827 613 867 esse
633 809 758 868 maxime
779 820 896 885 propter
916 827 947 866 se

158 888 357 964 expetendum.
399 888 474 945 Mihi
495 887 633 952 utmmvis
658 887 726 944 satis
747 898 810 944 est:
833 898 863 945 et
886 897 947 944 turn

158 965 223 1033 hoc,
238 975 298 1024 tum
318 965 386 1024 illud
408 966 577 1042 probabilius
600 964 719 1034 videtin,
739 982 793 1024 nec
812 975 947 1043 praterea

158 1043 310 1117 quidquam
324 1044 476 1120 probabile.

196 1122 238 1179 Ac
258 1122 380 1198 primum
402 1122 543 1181 Paratus
562 1122 593 1180 in
611 1121 667 1180 hoc
686 1120 879 1189 defendendus
893 1131 946 1190 est,

156 1198 231 1271 quod
250 1219 307 1258 non
326 1201 406 1258 utilia
426 1219 492 1258 cum
511 1201 638 1258 honestis
657 1219 781 1276 pugnare
796 1201 946 1273 aliquando

156 1295 242 1353 posse
256 1277 357 1336 dixerit
371 1277 473 1354 (neque
487 1279 564 1336 enim
575 1279 602 1336 ei
613 1278 654 1336 fas
666 1275 753 1356 eraut)
765 1279 816 1336 sed
827 1298 870 1346 ea,
884 1299 945 1352 quae

156 1356 316 1414 viderentur
342 1357 430 1415 utilia.
471 1357 553 1414 Nihil
580 1375 647 1414 vero
674 1357 752 1424 utile,
780 1356 857 1429 qubd
888 1377 945 1416 non

156 1433 232 1494 idem
252 1435 417 1494 honestum:
439 1435 511 1492 nibil
531 1435 692 1502 honestum,
708 1434 783 1508 quod
797 1435 944 1494 nunidem

154 1513 222 1570 utile
242 1513 289 1581 sit,
311 1529 386 1589 saepe
406 1523 536 1572 testatur:
565 1523 704 1589 negatque
724 1513 812 1571 ullam
833 1525 944 1590 pestem

156 1592 291 1668 majorem
300 1593 330 1650 in
339 1593 424 1649 vitam
435 1592 582 1650 huminum
593 1591 740 1658 invasisse,
751 1609 840 1664 quam.
847 1611 943 1650 eornm

155 1671 329 1745 opinionem,
350 1671 399 1742 qui
419 1671 473 1728 ista
492 1669 678 1727 distraxerint
719 1669 817 1742 ltaque
837 1689 895 1729 non
914 1681 944 1728 ut

155 1747 303 1820 aliquando
324 1759 557 1826 anteponeremus
577 1748 657 1804 utilia
680 1747 817 1816 honestis,
839 1749 891 1806 sed
914 1759 943 1807 nt

155 1843 189 1882 ea
209 1827 270 1884 sine
293 1845 384 1884 errore
406 1825 633 1903 dijudicaremus,
655 1825 681 1883 si
701 1825 812 1898 quando
831 1827 943 1886 incidis·

156 1913 228 1972 sent,
243 1903 355 1961 induxit
373 1923 446 1971 eam,
461 1922 523 1975 qua
544 1903 684 1962 videretur
703 1923 776 1972 esse,
800 1923 858 1964 non
881 1924 941 1978 quac

155 1991 240 2048 essct,
249 1983 470 2057 repugnantiam.
512 1981 596 2038 Hanc
606 1983 691 2058 igitur
702 1993 809 2058 partem
819 1985 941 2042 relictam

156 2059 343 2133 explebimus,
367 2060 451 2117 nullis
479 2058 665 2128 adminiculis,
691 2060 751 2127 sed,
775 2073 807 2119 ut
833 2061 940 2130 dicitur,

156 2135 249 2193 Marte
269 2137 390 2200 nostrai
434 2137 537 2210 Neque
558 2139 634 2196 euim
655 2138 808 2212 quidquam
832 2140 867 2200 de
890 2142 942 2198 hac

157 2223 234 2290 parte
248 2225 313 2290 post
326 2215 481 2275 Pmaeuum
494 2216 665 2293 explicatum
677 2227 730 2286 est,
743 2217 942 2293 quodquidam

188 2436 203 2468 '¹
220 2433 341 2484 Fecerat.
373 2435 439 2486 'l'bat
449 2437 478 2496 is,
490 2453 517 2485 as
528 2437 651 2486 Panoetius
662 2455 713 2488 was
724 2455 739 2488 a
749 2438 823 2500 Stoic,
835 2442 897 2491 such
912 2458 943 2492 an

156 2501 273 2548 assertion
288 2501 369 2550 wotdd
387 2502 448 2552 heve
464 2504 525 2551 been
540 2502 567 2551 in
583 2502 660 2553 direct
675 2504 849 2555 contradiction
865 2513 891 2556 lo
905 2508 943 2556 his

155 2581 211 2614 own
222 2565 359 2630 principles.

188 2629 295 2683 mara
312 2639 398 2681 nostru.
429 2627 634 2680 “Proverbialiter
651 2649 666 2681 a
681 2633 770 2682 militia
791 2636 942 2694 canentum,

157 2694 199 2742 ubi
209 2711 253 2744 suc
264 2705 340 2746 marte
347 2713 399 2746 rem
406 2711 490 2772 gerere
497 2695 645 2754 dicebantur,
651 2697 693 2760 qui
702 2698 776 2750 nullis
784 2700 941 2752 auxiliaribus

156 2759 232 2820 copiis
242 2762 319 2826 adjuti
330 2761 530 2812 commoerent”
563 2760 658 2810 Erusm.
