1978 3268
133 201 191 256 282
422 199 470 246 on
489 195 642 246 orsrcns.
708 179 710 182 ’

134 352 240 418 partem
254 341 390 416 disputan
405 339 456 396 sed
470 347 562 396 tamen
577 335 611 394 ad
625 345 792 402 extremum,
803 333 927 391 utilitate

134 421 259 478 officium
274 419 367 494 dirigit
377 419 478 493 magis,
491 435 574 489 quam
585 415 766 472 humanitate.
806 413 928 480 Quaerit,

135 499 160 554 si
176 501 204 555 in
220 497 288 554 mari
304 496 414 572 jactura
427 496 554 552 facienda
566 495 612 562 sit,
627 493 729 566 equine
763 492 862 548 retiosi
878 511 929 566 po·

135 577 189 632 tius
207 577 343 651 jacturam
357 574 447 641 saciat,
460 593 494 631 an
508 573 612 631 servuli
623 573 697 630 vilis.
739 511 797 628 die
808 569 866 626 alio
881 587 927 626 res

135 653 289 718 humiliaris,
310 652 365 710 alio
386 653 462 710 ducit
484 651 651 709 humanitas.
692 649 724 706 Si
746 647 870 706 tabulam
893 647 928 704 de

135 731 279 806 naufragio
310 731 410 788 stultus
438 730 593 806 arripuerit,
621 728 833 800 extorquebitne
862 744 927 782 eam

135 810 259 882 sapiens,
284 809 309 865 si
333 809 471 885 potuerit?
507 809 609 884 Negat,
631 807 697 878 quia
720 805 758 862 sit
781 804 927 880 injurium.

135 887 211 952 Quid
225 887 355 944 dominus
376 886 477 943 nevis?
501 885 637 960 eripietne
652 883 753 942 suurn?
780 883 925 942 Minime:

135 984 192 1022 non
204 967 278 1041 plus,
293 982 376 1035 quam
390 963 566 1038 navigantem
581 963 611 1019 in
624 962 680 1020 alto
694 963 795 1038 ejicere
809 961 845 1019 de
860 960 926 1018 navi

138 1043 211 1110 velit,
224 1043 290 1114 quia
300 1059 351 1097 sua
361 1041 406 1098 sit.
448 1040 548 1108 Quoad
558 1041 634 1098 enim
649 1051 813 1116 perventum
828 1041 868 1096 'sit
880 1058 926 1104 eo,

136 1138 192 1191 quo
214 1129 305 1176 sumta
325 1119 405 1196 nevis
419 1128 471 1187 est,
485 1138 544 1178 non
565 1119 673 1176 domiui
693 1129 737 1176 est
757 1119 847 1186 navis,
876 1116 928 1174 sed

136 1197 335 1272 navigantium.

176 1275 258 1341 Quod
273 1276 297 1332 si
311 1294 368 1332 una
387 1276 479 1333 tabula
498 1276 543 1342 sit,
559 1294 615 1347 quo
636 1275 770 1352 naufragi,
785 1275 863 1346 iique
883 1293 925 1338 se-

137 1353 265 1430 pientes?
287 1353 348 1410 Sibi
360 1357 473 1412 neuter*
482 1355 578 1428 rapiat.
604 1354 648 1410 An
658 1353 726 1411 alter
737 1353 818 1410 cedat
828 1352 925 1410 alterii

138 1432 230 1489 Cedat
244 1450 326 1489 vero:
349 1432 400 1489 sed
420 1433 457 1498 ei,
471 1432 552 1507 eujus
566 1431 655 1507 magis
676 1432 786 1489 intersit
799 1431 844 1488 vel
865 1449 925 1496 sna,

138 1511 183 1567 vel
197 1511 236 1568 rei
251 1511 369 1586 publice
384 1529 493 1574 caussa,
510 1511 612 1566 vivere.
648 1510 723 1574 Quid
735 1511 760 1566 si
774 1510 835 1566 haee
848 1509 926 1584 paria

138 1589 167 1646 in
179 1589 316 1660 utroque?
338 1589 455 1645 Nullum
468 1589 520 1644 erit
530 1598 679 1656 certamen,
692 1587 741 1644 sed
751 1587 832 1660 quasi
840 1598 925 1653 sorte,

138 1666 322 1724 autmioando
334 1667 434 1732 vietus
447 1667 524 1724 alteri
536 1665 616 1722 cedat
626 1666 702 1723 alter.
724 1665 800 1732 Quid
813 1665 838 1722 si
850 1675 929 1740 pater

139 1744 203 1802 sana
213 1745 328 1820 expilet,
341 1745 485 1802 cuniculos
500 1754 562 1820 agat
576 1743 609 1801 ad
620 1746 763 1802 erarium:
785 1743 926 1802 indicetne

138 1822 166 1880 id
178 1823 383 1899 magistratibus
395 1824 489 1880 filius?
512 1823 600 1880 Nefas
612 1822 641 1879 id
652 1822 766 1894 quidem
776 1831 827 1878 est.
849 1821 927 1887 Quin

138 1902 222 1958 etiam
244 1902 373 1958 defendat
391 1913 508 1976 patrem,
530 1901 555 1957 si
576 1911 713 1977 arguatur.
754 1900 822 1958 Non
843 1901 929 1976 igitur

139 1979 228 2054 patria
241 1990 352 2054 prestet
371 1980 501 2037 omnibus
515 1978 626 2036 officiis.
666 1979 758 2036 lmmo
772 1997 855 2036 vero:
878 1977 927 2036 sed

138 2111 455 2240 tntietdntttdt
459 2114 775 2244 dttttthhtfndt
785 2115 927 2228 hubiiiidi

140 2240 171 2288 ull
183 2241 270 2314 regard
280 2249 306 2290 to
316 2244 452 2308 humandy,
463 2245 516 2293 that
526 2246 546 2294 it
557 2245 627 2294 could
638 2247 667 2293 be
679 2244 756 2309 ooolly
768 2246 865 2293 mooted
875 2261 903 2292 es
914 2261 928 2292 u

139 2309 251 2368 question
262 2306 291 2354 of
302 2323 369 2354 some
386 2309 466 2368 doubt,
477 2309 584 2358 whether
601 2327 616 2358 e
632 2325 690 2358 men
701 2309 730 2358 of
741 2309 818 2357 virtue
830 2326 881 2358 wss
893 2309 927 2357 in-

139 2371 200 2418 deed
213 2369 322 2434 justified
333 2372 359 2419 in
375 2372 494 2438 suffering
509 2375 548 2422 his
564 2374 781 2432 feltowereetures,
792 2374 928 2439 dependent

139 2452 172 2484 on
187 2435 239 2483 him
251 2435 288 2484 for
296 2473 298 2478 .
305 2443 410 2499 support,
421 2445 446 2486 to
457 2439 539 2500 perish
555 2441 588 2502 by
603 2439 778 2502 femine‘when
793 2439 928 2500 provisions

138 2515 202 2548 were
213 2515 273 2564 very
284 2503 353 2560 denr3
367 2504 410 2550 but
421 2503 521 2551 deeided
532 2504 558 2551 in
570 2504 611 2552 the
622 2504 772 2553 affirmative.
804 2503 860 2551 'I'he
871 2510 928 2553 next

139 2566 257 2625 question,
266 2567 374 2615 whether
385 2583 412 2615 or
423 2573 466 2616 not
476 2568 507 2616 he
516 2584 566 2616 wes
575 2569 684 2632 justified
695 2569 721 2616 in
730 2567 853 2632 throwing
864 2584 928 2617 over-

141 2629 216 2701 hoord
227 2648 242 2679 e
258 2631 396 2694 low-prioed
411 2649 476 2690 man,
488 2633 569 2681 rather
586 2633 645 2681 than
661 2651 676 2682 u
685 2633 839 2698 high-prioed
849 2633 927 2692 horse,

141 2707 162 2738 rs
173 2693 221 2742 less
232 2697 347 2746 doubtful.

171 2758 186 2788 't
197 2758 251 2806 Sibi
265 2769 357 2820 neuter,
368 2761 398 2811 nl.
409 2761 486 2810 sibine
501 2769 568 2811 uter:
584 2762 625 2810 the
636 2763 706 2812 latter
717 2762 818 2827 reading
840 2763 863 2812 is
878 2777 928 2826 pre-

142 2817 217 2868 ferred
235 2825 268 2886 by
279 2823 377 2886 Peme,
388 2826 527 2886 Fuscioleti,
542 2827 566 2876 J.
580 2827 615 2876 M.
632 2828 780 2892 Heusinger,
791 2828 841 2877 end
851 2827 928 2878 Gem-

146 2884 203 2956 rard
208 2901 214 2930 :
238 2886 285 2934 eibi
307 2897 378 2948 uter5
401 2893 433 2955 by
454 2891 558 2941 Ernesti.
592 2892 661 2941 Eech
681 2892 710 2941 of
726 2893 768 2940 the
785 2898 836 2941 two
857 2893 928 2944 latter

150 2946 253 3010 whngs
261 2953 371 3012 requires
381 2955 423 3003 the
434 2957 607 3021 interrogation
615 2965 641 3006 to
652 2959 680 3006 bo
692 2956 830 3008 cononum.
