1970 3278
319 205 410 257 ΗΒΑ.
427 205 504 257 ΟΛΡ.
514 205 602 257 xum.
800 207 854 266 127
887 231 890 236 ·

120 345 217 408 Placet
230 349 327 427 igitur,
337 351 443 428 aptiora
453 369 519 408 esse
533 357 636 426 nature
650 365 684 406 ea
696 349 789 408 officia
802 369 864 424 quaa

5 459 12 502 q
79 446 119 486 ex
131 430 339 497 communitate,
354 447 438 502 quam
452 449 495 498 aa,
516 446 578 502 quae
592 447 629 486 ex
643 429 802 504 cognitione
816 428 866 486 du·

79 516 193 576 canturr
215 507 299 580 idque
321 508 377 566 hoc
399 518 561 584 argumento
583 507 742 564 confirmari
763 517 867 584 potest,

79 585 169 658 quod²
181 585 206 642 si
220 587 367 662 contigerit
380 605 414 644 ea
426 585 483 642 vita
493 585 622 662 sapienti,
636 589 668 642 ‘ut
689 586 718 643 in
739 586 867 644 omnium

4 733 7 740 ,
77 682 173 721 rerum
192 663 369 722 affluentibus
394 665 484 740 copiis
506 664 610 732 omnia,
632 681 693 736 quae
708 663 867 740 cognitione

4 781 8 818 ς
79 741 166 819 digna
178 753 253 810 sunt,
268 761 380 800 summo
402 743 460 800 otio
480 760 577 799 secum
590 743 652 818 ipse
669 742 827 800 consideret
840 752 869 799 et

2 860 7 898 ,
79 821 299 896 contemplatum
315 830 418 890 tamen,
431 821 456 878 si
466 820 587 878 solitudo
598 831 672 878 tanta
683 821 728 887 sit,
739 821 868 880 uthomi-

3 941 5 974 ,
80 917 148 958 nem
161 894 256 957 videre
270 918 328 958 non
341 901 440 976 possit,
452 899 570 958 excedat
582 918 598 956 e
612 899 678 956 vita.
718 900 868 976 Princeps-

3 1019 5 1052 3
81 995 137 1049 que
151 980 277 1037 omnium
299 979 431 1036 virtutum
450 979 499 1036 illa
511 979 657 1054 sapientia,
675 997 759 1052 quam
778 978 867 1054 σοφίαν

1 1099 4 1134 ,
83 1055 176 1115 Greci
188 1067 288 1116 vocant
301 1056 487 1136 (prudentiam
499 1059 585 1123 enim,
600 1076 684 1129 quam
703 1057 796 1116 Greci
809 1059 868 1134 prt-

1 1177 4 1212 3
80 1143 159 1203 νησιν,
174 1137 255 1194 aliam
267 1136 415 1210 quamdam
434 1137 627 1214 intelligimus,
643 1154 704 1207 quae
719 1147 763 1193 est
774 1156 867 1195 rerum

2 1281 3 1288 ἵ
80 1215 299 1291 expetendarum
312 1215 560 1292 fugiendarumque
575 1212 705 1292 scientia)
719 1215 867 1274 illaautem

1 1353 3 1368 q
80 1293 216 1369 sapienta,
230 1313 314 1367 quam
334 1295 490 1370 principem
505 1293 574 1360 dixi,
589 1311 681 1350 rerum
700 1303 744 1350 est
761 1293 868 1353 divina·

79 1391 142 1430 rum
166 1382 195 1429 et
216 1373 402 1430 humanarum
426 1373 556 1430 scientia:
578 1372 608 1428 in
633 1391 688 1444 qua
711 1373 868 1431 continetur

80 1450 196 1507 deorum
210 1460 239 1506 et
250 1451 398 1507 hominum
417 1451 603 1508 communitas
617 1461 645 1507 et
663 1451 782 1516 societas
796 1452 868 1508 inter

80 1529 169 1604 ipsos.
197 1527 243 1584 Ea
256 1529 281 1584 si
293 1529 418 1586 maxima
430 1539 483 1595 est,
493 1539 525 1585 ut
535 1539 588 1595 est,
599 1537 674 1585 certe
685 1547 802 1586 necesse
813 1539 866 1597 est,

80 1604 155 1679 quod
165 1605 387 1662 acommunitatc
396 1605 511 1662 ducatur
519 1605 654 1672 officium,
665 1606 695 1662 id
706 1615 769 1664 esse
778 1607 867 1664 maxi·

78 1703 168 1744 mum.
207 1684 324 1742 Etenim
341 1679 465 1758 cognitio
486 1683 739 1758 contemplatioque
763 1694 867 1742 naturae

79 1781 179 1822 manca
192 1761 313 1835 quodam
327 1761 412 1818 modo
426 1772 508 1832 atque
521 1760 652 1817 inchoata
672 1761 718 1828 sit,
744 1762 769 1819 si
790 1762 867 1820 nulla

79 1843 152 1900 actio
173 1861 267 1900 rerum
287 1849 482 1911 consequatur.
522 1839 568 1896 Ea
581 1848 673 1896 autem
687 1841 759 1898 actio
772 1841 802 1898 in
816 1840 866 1899 ho·
886 1891 888 1902 .

78 1921 188 1979 minum
201 1918 357 1978 commodis
371 1918 482 1976 tuendis
495 1919 619 1976 maxime
632 1919 763 1977 cernitur.

119 1999 243 2056 Pertinet
256 1999 340 2075 igitur
362 1997 397 2056 ad
418 1998 580 2056 societatem
605 1998 715 2074 generis
740 1999 866 2058 humani.

78 2077 158 2154 Ergo
171 2077 232 2136 lraec
245 2077 397 2154 cognitioni
418 2075 612 2153 anteponenda
632 2085 685 2134 est.
723 2077 815 2152 Atque
837 2078 867 2137 id

79 2157 202 2234 optimus
216 2157 335 2228 quisque
349 2175 378 2213 re
392 2157 456 2233 ipsa
468 2154 591 2214 ostendit
603 2165 632 2212 ct
640 2155 757 2232 judicat.
782 2158 865 2225 =Quis

78 2236 155 2293 enirn
169 2244 213 2293 est
226 2245 281 2292 tam
295 2235 413 2311 cupidus
438 2235 466 2292 in
487 2233 681 2310 perspicienda
694 2253 866 2313 cognoscen-

79 2313 169 2386 daque
182 2331 275 2371 rerum
287 2323 391 2380 natura,
403 2323 443 2381 ut,
458 2313 484 2369 si
497 2313 524 2369 ei
537 2314 662 2371 tractanti
676 2316 866 2392 contemplan-

79 2393 155 2465 tique
169 2412 214 2450 res
225 2392 385 2468 cognitione
399 2391 589 2468 dignissimas,
602 2393 694 2451 subito
704 2394 742 2450 sit
752 2393 865 2452 allatum

78 2471 234 2548 periculum
245 2470 452 2542 discrimenque
465 2471 571 2546 patriae,
584 2472 630 2528 eui
644 2473 792 2530 subvenire
806 2472 866 2548 opi·

78 2549 215 2620 tularique
236 2549 337 2625 possit,
360 2568 416 2606 non
439 2548 486 2605 illa
509 2550 604 2606 omnia
625 2550 763 2621 relinquat
783 2559 865 2620 atque

79 2627 200 2702 abjiciat,
217 2628 336 2684 etiarnsi
360 2627 535 2684 dinumerare
549 2645 580 2684 se
594 2627 699 2694 stellas,
714 2637 761 2683 aut
773 2627 865 2684 metiri

79 2703 178 2764 mundi
186 2705 406 2780 magnitudinem
417 2723 503 2780 posse
515 2705 679 2762 arbitretur?
706 2704 798 2776 Atque
809 2705 865 2761 hoc

60 2777 156 2842 'idem
170 2783 199 2840 in
213 2784 345 2858 parentis,
361 2784 390 2840 in
405 2783 487 2840 amici
502 2801 531 2840 re
546 2793 593 2839 aut
611 2781 736 2856 periculo
758 2783 863 2838 fecerit.

79 2861 189 2928 Quibus
198 2862 280 2918 rebus
289 2861 460 2936 intelligitur,
470 2859 569 2918 studiis
578 2858 864 2938 officiisqueacientiae
