1970 3278
138 207 194 263 100
446 205 494 252 DE
512 204 666 253 certene.

135 347 244 425 pilam,
258 347 305 406 edii
318 345 352 404 ad
362 347 411 422 jus
424 345 518 412 civile,
532 345 580 402 alii
591 343 626 402 ad
636 344 825 418 eloquentiam
837 347 927 424 eppli·
969 363 970 406 l

135 437 214 493 centr
240 427 420 500 ipsarumque
444 424 576 496 virtutum
600 423 631 482 id
654 423 708 482 elie
727 424 798 483 aliue
819 427 926 484 mavult

131 504 301 646 exotldldffiin
314 598 381 638 vero
400 592 503 656 patres,
518 591 565 638 aut
584 583 705 659 maiores
728 583 822 655 aliqua
836 583 924 659 gloria
969 573 971 656 l

134 659 481 736 prestiteruntiistudent
491 660 657 735 plerumque
668 659 768 720 eodem
780 662 811 719 in
820 681 923 738 genere
969 659 971 742 l

133 737 224 796 leudis
246 737 406 796 excellere:-
434 747 466 794 ut
487 739 524 804 Q.
544 735 690 807 Mucium*
712 739 746 798 P.
763 739 798 798 F.
813 741 844 797 in
859 742 922 816 jure
969 761 971 822 r

133 815 210 872 civili
222 835 231 883 ς
253 815 345 874 Paulli
356 815 445 878 filiuel
455 816 604 874 Africanus
615 819 645 876 in
656 838 686 878 re
696 818 819 876 militari.
855 819 922 886 Qui·

134 892 199 950 den'r
213 903 306 954 eutem
320 894 355 952 ad
368 913 416 952 eae
429 895 537 962 laudes,
552 914 622 968 quae
636 917 653 954 a
666 897 792 975 patribus
806 915 922 974 accepe-

133 981 207 1040 runt,
222 971 326 1030 eddrmt
337 973 458 1044 aliquam
470 991 566 1030 suam:
587 985 620 1032 ut
630 975 677 1036 hic
687 976 762 1034 idem
773 975 922 1033 Africanus

133 1049 294 1122 eloquentia
303 1051 455 1108 cumulavit
465 1051 594 1108 bellicam
605 1053 722 1128 gloriam
735 1072 743 1110 ι
759 1053 836 1126 quod
847 1053 921 1111 idem

131 1127 201 1186 tecit
220 1129 418 1202 Timotheue‚‡
443 1127 572 1188 Cononis
586 1131 672 1202 lilius,
687 1132 747 1206 qui,
768 1149 835 1190 cum
857 1133 921 1192 hetti

133 1205 214 1264 laude
236 1225 294 1263 non
317 1207 432 1266 inferior
452 1207 561 1276 suisset,
586 1228 671 1282 quem
695 1219 784 1287 parer,
799 1209 835 1266 ad
859 1229 920 1268 eam

133 1283 255 1350 laudem,
271 1284 403 1343 doetrinae
417 1295 446 1344 et
464 1287 571 1362 ingenii
585 1289 703 1364 gloriam
724 1287 835 1364 adjecit.
877 1289 922 1346 Fit

133 1373 227 1422 eutem
240 1363 389 1432 interdum,
403 1373 435 1420 ut
456 1382 514 1422 non
538 1366 617 1434 nulli,
640 1369 748 1426 omissa
766 1367 920 1424 imitatione

133 1441 281 1517 majorum,
301 1461 385 1500 suum
409 1441 550 1514 quoddam
571 1445 728 1504 institutum
748 1462 922 1516 consequan-

133 1528 177 1578 tur
185 1521 209 1593 :§
225 1520 403 1593 maximeque
415 1521 443 1578 in
455 1539 490 1578 eo
501 1522 666 1598 plerumque
677 1523 861 1591 elaboranti,
874 1523 922 1594 qui

132 1615 235 1675 magne
248 1599 302 1658 ribi
316 1609 485 1676 proponunt,
500 1602 627 1660 obscuris
641 1603 695 1660 orti
708 1602 873 1679 majoribus.

173 1677 246 1736 Haec
259 1678 343 1755 igitur
356 1679 461 1746 omnia,
476 1698 542 1738 cum
556 1681 717 1752 querimus,
732 1677 800 1753 quid
813 1679 920 1747 deceat.

132 1757 282 1831 complecti
297 1758 392 1816 enimc
406 1767 435 1814 et
454 1759 621 1834 cogitatione
636 1759 780 1816 debemus.
820 1757 856 1816 ln
867 1759 923 1834 pri·
971 1823 972 1848 ¹

131 1834 187 1892 mie
202 1844 295 1894 autern
308 1836 534 1894 constituendum
548 1847 600 1904 eet,
616 1855 688 1910 quoe
709 1855 772 1905 nos,
784 1845 813 1894 et
823 1837 922 1908 quales

131 1928 197 1968 eree
210 1913 340 1978 velimus,
355 1922 384 1970 et
396 1913 426 1968 in
440 1931 496 1984 quo
517 1932 619 1988 genere
634 1917 717 1973 vitae:
739 1933 802 1988 quae
816 1913 923 1974 delibe-

131 1990 202 2046 ratio
215 1999 259 2046 est
272 1990 399 2048 omnium
411 1989 596 2049 difficillima·
620 1991 754 2052 lneuente
766 1993 843 2052 euim
858 1993 923 2051 ado-

164 2141 179 2173 *
192 2139 222 2198 Q.
233 2139 339 2194 Marem.
371 2143 507 2196 Sumcmed
516 2146 630 2206 Screvole,
642 2149 728 2199 conoul
738 2148 799 2198 witlr
810 2147 839 2196 L,
850 2148 922 2198 Grec

131 2220 181 2263 rue,
192 2205 223 2253 A
234 2205 264 2254 U.
275 2207 303 2254 C.
314 2206 369 2255 658.
399 2208 487 2258 Cicero
501 2211 546 2260 hae
565 2213 697 2262 elsewhere
716 2213 842 2263 described
862 2213 923 2274 him,

131 2276 146 2300 “
153 2285 230 2320 unum
240 2278 329 2320 nosue
341 2271 446 2322 civitatis
456 2282 481 2324 et
491 2276 590 2342 ingenio
599 2285 625 2327 et
638 2279 735 2343 justitia
753 2278 924 2341 prudential-

131 2336 224 2449 grum?
240 2334 300 2426 ¹³3¹·
310 2337 327 2385 i.
359 2338 417 2388 And
428 2339 496 2390 Brut
513 2359 534 2391 c.
548 2342 587 2391 39.
599 2345 836 2412 “jureconsultorum
847 2344 925 2392 diaer-

152 2415 262 2449 eermmn.
384 2433 392 2439 -

164 2465 362 2530 l'Pacllisrlice.
378 2467 433 2518 The
444 2487 489 2520 sen
499 2471 530 2520 of
539 2471 657 2522 AEmiliue
668 2471 775 2532 Paullus,
784 2472 869 2522 whom
881 2473 926 2522 Sc.

131 2530 263 2580 Africanus
274 2533 382 2595 adopted.

60 2657 64 2661 .
164 2595 175 2648 i
191 2595 334 2646 Timotheus.
350 2597 405 2646 The
416 2597 494 2647 lether
505 2599 571 2649 freed
581 2601 621 2650 hie
632 2609 736 2666 country
742 2601 805 2650 from
817 2601 861 2650 the
873 2601 923 2650 La·

131 2661 290 2712 cedemonian
305 2663 382 2726 yolre:
400 2663 440 2712 the
451 2681 495 2713 een
506 2667 624 2715 extended
635 2667 667 2714 ite
679 2666 812 2716 dominice.
844 2667 924 2716 Corn.

131 2724 193 2787 Nep.
203 2727 229 2776 in
240 2728 348 2777 Timoth.
360 2743 381 2776 c.
393 2730 414 2776 1.

163 2788 378 2856 §Gemequnntun
395 2793 457 2841 'I'hie
472 2794 561 2848 verbis
577 2794 738 2859 occasionelly
749 2809 924 2858 synonymoue

165 2851 190 2898 th
201 2869 285 2916 aequor
296 2873 323 2904 or
330 2871 465 2921 persequor.
498 2857 586 2906 “Eum
598 2873 692 2906 morem
703 2859 786 2926 igitur,
796 2873 856 2907 cum
869 2861 924 2909 bre-

173 2920 209 2973 rte,
220 2917 241 2965 ri
258 2926 346 2980 potero,
356 2924 511 2986 consequer.”
543 2921 621 2987 Legg.
632 2923 656 2971 ii.
669 2923 690 2972 7.
