1984 3276
364 199 431 249 nm.
441 199 461 248 1.
479 199 557 248 cle.
569 199 601 248 x.
835 203 870 260 ³1

70 341 156 402 effici
171 343 209 402 sit
222 343 337 402 inutile*
351 343 396 400 vel
409 343 446 412 ei,
461 341 507 400 eui
527 341 699 420 promissum
713 343 759 411 sit,
774 343 819 402 vel
833 346 870 412 ei,

8 465 9 470 η
72 423 129 496 qui
142 421 317 500 promiserit.
357 421 434 479 Nam
453 423 489 488 si,
503 431 535 478 ut
553 423 583 478 in
597 419 712 484 fabulist
725 431 777 489 est,
793 423 871 499 Nep·

72 513 178 568 tunus,
211 501 287 574 quod
314 500 431 558 Tbeseo
459 500 635 576 promiserat,
661 519 719 558 non
746 500 870 568 fecisset,

73 580 217 638 Theseus
233 579 393 654 Hippolyto
406 579 466 636 filio
480 597 538 636 non
563 588 639 634 esset
660 579 782 636 orbatus.
823 579 872 638 Ex

74 659 171 716 tribus
186 658 263 719 enim
277 657 389 733 optatis,
403 666 435 712 ut
455 656 594 722 scribitur,
608 656 663 713 hoo
677 667 736 714 erat
748 658 870 726 tertium,

74 735 159 812 quod
172 736 208 795 de
219 732 373 812 Hippolyti
386 735 498 794 interitu
512 735 597 790 iratus
609 736 730 810 optavit;
753 755 809 808 quo
820 737 873 797 im·

74 823 201 892 perraro,
216 815 246 872 iu
259 813 399 873 maximos
409 813 500 870 luotus
514 811 621 870 incidit.
656 813 720 870 Neo
731 815 873 889 promissa

75 893 168 969 igitur
182 891 317 968 servanda
330 901 396 950 sunt
409 910 451 959 ea,
467 909 529 964 quae
543 893 624 964 snntss
636 891 683 960 iis,
693 893 794 964 quibus
809 912 873 968 pro·
898 903 901 911 ’

77 970 206 1038 miseris,
222 969 347 1028 inutilia:
369 989 422 1028 neo
442 969 467 1026 si
487 969 551 1046 plus
572 969 622 1026 tibi
646 979 773 1038 noceant,
789 990 874 1044 quam

77 1049 123 1106 illi
144 1050 255 1125 prosint
275 1050 321 1106 eui
348 1047 523 1126 promiseris,
551 1057 648 1105 eontra
674 1047 799 1109 officium
819 1059 873 1118 est,

77 1128 175 1204 majus
190 1129 323 1204 anteponi
343 1127 457 1186 minori.
499 1126 549 1194 Ut,
565 1127 590 1182 si
611 1127 799 1194 constitueris,
814 1129 874 1185 oui·

78 1207 160 1284 piam
174 1215 201 1264 te
215 1206 381 1282 aduocatum
392 1207 421 1264 in
436 1205 496 1262 rein
510 1214 678 1280 presentem
692 1221 755 1262 esse
776 1215 873 1263 ventu·

78 1299 155 1353 rum,
167 1295 250 1358 atque
265 1285 376 1343 interim
390 1284 510 1361 graviter
521 1293 652 1360 oegrotare
660 1283 735 1340 filius
747 1285 872 1360 ooeperit,

80 1380 141 1422 uon
156 1364 193 1420 sit
206 1372 302 1427 eontra
321 1363 447 1422 offioium
461 1379 518 1419 nou
533 1361 633 1428 lacere,
650 1360 727 1434 quod
746 1361 872 1432 dixeris3

81 1441 230 1514 magisque
244 1441 302 1508 ille,
317 1442 363 1498 oui
377 1440 550 1518 promissum
563 1440 609 1506 sit,
626 1441 660 1496 ab
675 1440 769 1498 offieio
784 1441 873 1500 disee·

83 1515 142 1584 dat,
157 1517 225 1581 siae
239 1517 400 1576 destitutum
414 1519 569 1590 queratur.§
609 1516 628 1574 J
630 1537 675 1576 am
684 1517 740 1576 illis
754 1517 874 1596 promis·

85 1671 204 1734 although
224 1671 293 1732 these
314 1685 356 1720 are
369 1671 536 1718 fundamental
547 1672 620 1732 rulea,
640 1681 683 1733 yet
700 1675 811 1734 peculier
827 1673 873 1722 cir·

85 1745 240 1783 eumstances
252 1751 309 1796 may
318 1737 391 1783 make
403 1736 422 1780 it
434 1742 523 1781 matter
534 1737 563 1780 os
568 1735 759 1799 consideration,
765 1739 875 1786 whether

83 1800 155 1847 these
171 1801 235 1847 rules
245 1807 309 1846 must
322 1807 365 1846 not
382 1799 437 1860 give
449 1813 513 1857 way.
588 1809 591 1818 ’
883 1797 888 1808 “

117 1865 130 1892 ’
149 1863 246 1912 Inutile.
263 1865 323 1910 This
346 1859 468 1926 adjective
485 1862 505 1908 ir
525 1861 655 1924 employed
671 1865 705 1926 by
718 1863 805 1914 Cicero
824 1855 876 1914 and

85 1929 176 1988 others,
189 1935 232 1974 not
242 1927 265 1974 in
276 1929 316 1975 the
328 1943 399 1984 sense
411 1929 441 1973 ol·
449 1925 617 2003 unprrpitudle,
628 1929 670 1974 but
678 1931 708 1976 os
714 1929 875 1992 mirellieoottt,

8 2049 11 2056 Ι
86 1985 195 2040 nouioue
217 1991 270 2039 The
279 1991 473 2052 corresponding
484 1991 613 2054 adjective,
624 1990 723 2058 ἇχμῖος,
734 2009 839 2054 appears
849 2003 875 2041 to

87 2056 149 2102 hare
161 2056 271 2102 received
284 2056 307 2102 in
321 2057 430 2103 Greeks
447 2055 540 2102 similar
557 2055 686 2104 deflection
699 2060 729 2104 ol
744 2058 872 2116 meaning:

88 2133 134 2167 ree
151 2120 259 2181 Heyoe’s
282 2121 384 2180 Homer,
402 2121 432 2168 ll.
451 2133 476 2166 a.
497 2121 553 2168 269.
598 2121 722 2186 'aspices
742 2122 764 2168 δ’
779 2119 875 2190 tygrim

88 2185 147 2245 rddr,
158 2183 307 2250 ἀπιμόςξατο
316 2184 397 2249 δάκρυ.

103 2251 170 2306 ,lla
187 2243 292 2314 sedulii.
308 2249 337 2296 ln
351 2247 492 2312 tragedies3
515 2247 634 2311 alluding,
657 2251 774 2310 perhaps,
792 2259 818 2297 to
834 2251 876 2300 the

90 2313 237 2374 Hippolytus
248 2314 277 2359 os
294 2313 431 2373 Euripides.
469 2307 595 2361 Eiridlar
615 2311 686 2382 ιὺχαὶ
705 2315 798 2366 Θυσίας
810 2315 875 2382 πρὸς,

90 2379 226 2438 necesitate,
240 2375 314 2445 agric,
332 2381 433 2458 aquirat,
459 2376 560 2428 trunonis
577 2379 604 2442 ὶξ
623 2381 688 2440 ἅδον,
709 2379 825 2445 diriorpar,
849 2381 876 2432 ia

92 2442 240 2556 napssoplrldpp,
254 2441 345 2514 epiros,
367 2442 511 2492 Intendere
530 2443 641 2497 θάνατος.
674 2447 755 2494 Schol.
770 2447 801 2492 ad
814 2445 865 2506 Hip

107 2525 169 2558 o.v.
230 2512 254 2558 9.

90 2523 105 2570 p
121 2573 131 2630 t
144 2573 212 2620 Sient.
229 2571 258 2620 ln
271 2571 320 2619 this
331 2573 444 2634 reading,
455 2571 497 2619 tire
509 2580 617 2620 extracta
629 2573 659 2619 ol
667 2572 742 2630 Beda,
752 2572 800 2617 and
810 2585 878 2618 seve-

92 2635 129 2682 ral
137 2635 208 2682 MSS.
220 2649 328 2694 coneum
344 2635 470 2697 generally
482 2635 539 2696 sint,
549 2637 630 2684 which
642 2636 746 2696 reading
758 2633 798 2678 tlte
811 2633 877 2682 Heu·

27 2693 30 2702 ’
92 2697 274 2760 singersadopt.
307 2699 355 2746 But
367 2699 390 2746 in
404 2700 531 2758 aparallel
541 2715 656 2762 passage,
666 2699 747 2746 lll.⁰²
765 2710 877 2736 ”¹⁰⁰1

93 2768 145 2809 runt
155 2759 184 2807 iia
194 2759 252 2823 ipsu
262 2761 344 2822 utilia,
356 2762 440 2824 quidus
452 2759 498 2810 itta
508 2762 646 2825 promiseris
652 2775 663 2817 ;
679 2775 700 2806 n«

94 2824 190 2886 reading
207 2839 320 2884 appears.
654 2845 658 2852 ‚

122 2885 135 2952 §
150 2887 295 2936 vestituram
306 2893 428 2950 queratur.
447 2887 507 2936 This
519 2888 540 2935 ie
553 2901 612 2947 very
624 2885 680 2947 edlu
