1970 3278
175 114 214 203 72
463 133 689 195 uuorrrcus„

179 283 251 340 illut.
279 279 429 344 Catonis,*
443 276 548 334 bellum
563 275 675 333 tertium
686 272 830 332 Punicum
844 296 855 344 3
873 277 910 334 in
925 292 980 348 quo

178 362 261 418 etiam
276 357 377 414 mortui
392 355 477 413 valuit
490 355 646 411 auotoritas.
705 396 706 401 1
775 387 777 391 -

217 437 309 501 Quare
330 433 485 510 expetenda
504 433 619 504 quidem
633 429 723 505 magis
737 438 781 487 est
795 429 977 488 decernendi

178 516 258 579 ratio,
277 532 360 584 quam
382 511 538 569 decertandi
558 508 707 588 fortitudo:
729 507 780 565 sed
797 511 975 574 cavendum,

177 611 213 650 ne
235 591 262 648 id
283 590 405 648 bellandi
425 591 514 666 magis
528 587 603 664 fuga,
618 605 701 659 quam
716 587 847 645 utilitatis
865 590 974 646 ratione

177 669 321 727 faciamus.
360 669 470 727 Bellum
491 676 583 726 autem
597 667 636 723 ita
649 665 829 741 suscipiatur,
846 679 885 724 ut
905 665 972 724 nihil

178 747 262 813 eliud,
277 747 332 804 nisi
354 765 411 822 pax
432 745 548 818 quesita
566 743 700 802 videatur.
741 743 839 800 Fortis
858 764 932 803 vero
948 753 970 800 et

178 825 331 882 constantis
345 835 397 892 est,
409 842 465 880 nou
477 821 628 898 perturbari
642 821 672 878 iu
685 822 768 878 rebus
780 823 911 896 superio,
921 839 968 880 neo

177 903 389 962 tumultuantem
414 901 448 958 de
472 899 560 976 gradu
582 899 691 975 dejiei‚†
713 909 745 957 ut
768 899 895 969 dieitur3
925 899 966 958 sed

178 981 309 1057 presenti
336 980 430 1038 animo
456 978 497 1036 uti
524 988 552 1035 et
579 977 708 1045 consilio,
734 995 787 1034 nee
815 997 833 1034 a
863 981 965 1038 ratione

178 1058 331 1116 discedere.

217 1137 393 1207 Quamquam
420 1132 475 1191 hoo
502 1133 598 1201 animi,
627 1131 711 1206 illudss
740 1132 828 1191 etiarn
862 1134 964 1212 ingenii

178 1214 273 1289 magui
294 1222 346 1280 est,
367 1212 519 1291 praeoipere
545 1211 711 1288 cogitatione
735 1211 838 1279 futura,
868 1224 899 1270 et
924 1215 964 1271 ali·

178 1294 282 1363 quanto
304 1300 367 1348 ante
390 1289 568 1355 constituere,
589 1288 655 1361 quid
676 1288 801 1345 accidere
825 1293 924 1366 possit
940 1293 963 1348 iu

178 1370 460 1443 utramquepartem,
475 1376 504 1422 et
523 1367 590 1437 quid
605 1367 742 1442 agendum
756 1367 803 1432 sit,
820 1368 962 1442 numquid

9 1438 10 1493 ξ
33 1446 35 1483 f
85 1511 87 1513 ι
179 1449 321 1515 evenerit;
342 1444 591 1509 manumittere,
606 1443 799 1516 utaliquando
814 1444 963 1504 dicendum

179 1525 226 1612 sit,
241 1545 299 1586 uon
312 1523 465 1605 putaram.§
505 1520 577 1579 Haec
591 1529 754 1598 suntopers
766 1524 866 1599 magni
881 1525 962 1585 animi

439 1691 598 1744 cuneum
614 1689 702 1739 XXlll.

212 1823 228 1856 ἕ
246 1821 353 1873 Catonis.
383 1818 510 1869 Subintell.
531 1816 636 1868 oonsilio.
668 1817 787 1884 Alluding
806 1824 833 1868 to
852 1819 896 1870 his
914 1838 962 1871 oon·

180 1883 271 1934 vietion
281 1886 310 1933 of
316 1885 356 1933 the
367 1884 447 1946 policy
458 1883 488 1930 of
494 1883 634 1946 destroying
644 1882 772 1948 Certhuge,
783 1883 866 1933 which
879 1903 930 1936 wus
939 1903 962 1935 so

180 1947 247 1995 oflen
263 1948 422 2009 pronounced‚
433 1949 481 1994 und
497 1963 524 1995 us
540 1947 605 2007 ollen
617 1949 719 2009 opposed
730 1951 762 2012 by
773 1948 857 2011 Scipio
868 1950 960 2001 Nasica.

180 2011 242 2058 Vide
259 2012 322 2060 Plut.
339 2012 366 2059 in
384 2011 446 2058 Vite.
464 2011 524 2058 Vell.
539 2011 633 2060 Petere.
644 2012 684 2060 lib.
696 2013 711 2060 'u
723 2029 744 2061 o.
756 2012 794 2061 13.
827 2013 884 2062 The
903 2017 960 2065 third

181 2073 260 2123 Punic
271 2092 322 2124 wer
332 2091 383 2123 wss
394 2081 437 2122 not
446 2075 596 2135 terminuted,
607 2078 639 2140 by
650 2077 691 2125 the
708 2077 858 2126 destruction
868 2081 900 2130 of
909 2082 960 2130 cn-

10 2140 14 2234 i
38 2131 40 2138 '
72 2139 74 2153 '
180 2138 392 2202 thege‚tillebout
402 2139 469 2188 three
480 2157 551 2205 years
562 2141 622 2190 nster
633 2141 674 2190 the
684 2143 756 2192 death
767 2142 796 2190 of
806 2142 875 2192 Ceto.

213 2204 226 2278 i
242 2203 281 2252 De
290 2204 373 2268 gradu
382 2204 464 2268 dejici.
494 2207 520 2255 A
530 2207 654 2270 metaphor
664 2207 738 2257 taken
748 2208 811 2257 from
821 2207 864 2256 tlre
875 2210 959 2285 gladie

181 2269 252 2316 tunel
268 2271 381 2318 eombsts.
413 2270 484 2318 Stare
501 2271 528 2318 iu
577 2272 911 2336 adu,tostundfirmly1n
926 2274 960 2323 his

182 2331 296 2395 position;
315 2333 344 2380 de
353 2333 435 2398 gradu
447 2334 527 2398 dejici,
538 2288 630 2400 dgtpem’
641 2338 747 2394 mosem
765 2336 851 2384 tolose
863 2340 958 2401 ground.

195 2422 198 2429 ¹
214 2396 224 2448 l
240 2397 393 2446 Hoc-illud.
425 2399 475 2447 Hoc
493 2400 567 2448 refers
582 2406 610 2448 to·
624 2400 664 2448 the
676 2402 810 2458 verbs-nou
824 2403 958 2464 perturbari

182 2476 225 2510 nee
237 2461 309 2526 dejici
318 2462 329 2509 .·v
337 2461 407 2524 illud,
417 2470 442 2512 to
449 2466 586 2528 precipere,
597 2466 644 2512 end
655 2464 695 2512 the
706 2466 775 2513 verbs
786 2464 917 2532 following.

214 2526 228 2585 d
245 2527 299 2576 Non
311 2533 432 2590 putaram.
463 2529 555 2576 Seneca
571 2530 610 2588 (de
627 2529 674 2587 lra,
690 2530 715 2577 ii.
731 2529 779 2590 31.)
796 2531 923 2580 attributes
936 2538 957 2579 tu

183 2590 274 2640 Fabius
300 2591 430 2650 Maximus,
449 2592 490 2640 the
519 2594 615 2641 remurk
636 2594 689 2642 thet
710 2594 758 2642 this
781 2596 920 2655 expression
939 2597 957 2644 is

183 2656 314 2719 peerrliruly
326 2656 488 2730 uubeooming
499 2673 514 2704 u
524 2658 628 2720 general.
660 2659 770 2705 Valerius
782 2656 849 2706 Mu.
860 2660 911 2720 (lib.
922 2661 957 2708 vit

183 2717 217 2777 2.)
229 2721 353 2769 attributes
367 2721 387 2769 it
401 2727 426 2769 to
438 2720 518 2784 Serpio
529 2720 665 2770 Africanus.
697 2722 751 2769 One
761 2721 870 2771 insuuoe
880 2725 911 2773 of
921 2726 957 2774 the

184 2784 291 2842 superior
312 2791 429 2834 terseness
450 2785 480 2835 of
500 2784 542 2833 the
563 2784 642 2844 Latin,
664 2785 790 2848 compared
812 2786 873 2838 with
894 2805 957 2839 some
