1970 3272
311 231 376 281 Lm.
386 230 430 280 ΠΙ.
449 229 524 282 ΟΑΡ.
534 231 580 282 w.
698 269 701 274 .
776 233 835 290 219

9 425 10 436 ,
55 372 143 440 diuis,
156 381 204 432 aut
216 373 251 431 ah
265 373 310 433 his
320 374 446 451 Justitiae,
468 383 608 447 tamqnam
623 371 834 449 amplectibus,

9 503 10 514 ,
55 452 160 529 petitur
183 453 354 528 exemplum.
396 451 490 510 Nemo
510 453 588 531 enim
610 453 710 522 horum
730 451 772 508 sic
794 469 839 506 sa·

9 529 10 594 Ϊ
55 531 150 607 piens,
164 540 196 588 ut
208 532 364 606 sapientem
378 531 506 586 volumus
520 531 656 608 intelligi3
678 547 730 588 neo
743 529 774 594 ii,
789 527 838 600 qui

55 609 199 684 apie'ntes
219 609 306 666 habiti
326 619 354 666 et
372 609 517 672 nominati,
533 607 576 665 Μ.
592 607 663 666 Cato
677 617 705 664 et
725 606 761 664 0.
778 607 838 664 Lae·

55 683 279 762 liua,eapientes
299 687 426 752 luerunt3
448 703 483 742 ne
498 685 539 742 illi
559 684 671 756 quidem
691 695 800 762 septem
812 685 850 741 a*-

57 763 110 826 sed
123 783 161 822 ex
180 763 336 824 mediorum
357 763 513 822 officiorum
535 763 697 835 frequentia,
712 757 841 822 similitu-

57 841 155 900 dinem
182 842 331 915 quamdam
358 843 490 918 gerebant
519 842 699 918 speciemque
731 841 842 918 sapien·

56 920 141 978 tium.
493 959 496 965 -

101 997 241 1062 Quocirca
258 1016 311 1056 nec
331 997 369 1064 id,
382 996 458 1072 quod
477 1015 542 1056 vere
562 997 713 1056 honestum
733 1005 786 1064 est,
800 995 842 1054 sas

59 1083 106 1134 est
119 1093 183 1133 cum
197 1077 321 1134 utilitatis
335 1075 531 1154 repugnantiad
544 1076 717 1152 comparari:
739 1093 792 1132 nec
802 1073 842 1140 id,

59 1152 138 1227 quod
161 1155 347 1214 communiter
381 1153 554 1230 appellamus
581 1155 740 1221 honesturn,
768 1150 844 1225 quod

60 1231 162 1290 colitur
181 1233 216 1290 ab
236 1233 282 1300 iis,
297 1233 346 1305 qui
369 1233 502 1290 bonosae
526 1231 601 1288 viros
621 1231 716 1288 haberi
736 1231 843 1298 volunt,

59 1327 128 1368 cum
154 1310 351 1369 emolumentis
379 1327 503 1380 unquam
539 1317 583 1364 est
616 1307 844 1388 comparandum.

60 1388 193 1460 Tamque
207 1387 235 1446 id
250 1389 409 1453 honestum,
423 1385 498 1458 quod
512 1386 542 1444 in
555 1394 678 1443 nostram
690 1386 845 1462 intelligen-

60 1466 132 1524 tiam
146 1465 228 1534 cadit,
242 1465 376 1524 tuendum
397 1462 675 1536 conservandumque
690 1464 770 1520 uobis
791 1472 844 1531 est,

61 1562 150 1616 quam
164 1543 242 1610 illud,
257 1544 332 1616 quod
345 1543 457 1622 proprie
472 1542 572 1600 dicitur
593 1558 712 1612 vereque
733 1550 777 1598 est
796 1541 847 1598 ho-

61 1633 187 1689 nestum,
202 1622 385 1698 sapientibus.
426 1621 516 1680 Aliter
535 1620 611 1678 enim
626 1618 713 1697 teperi
728 1636 785 1679 nou
798 1636 848 1694 po-

62 1710 128 1769 test,
143 1701 169 1758 si
183 1719 245 1773 quae
260 1699 293 1758 ad
309 1701 436 1759 virtutem
451 1711 495 1757 est
508 1699 578 1757 sacta
593 1696 761 1774 progressio.
791 1695 849 1752 Sed

63 1779 126 1840 haec
146 1779 260 1853 quidem
281 1778 315 1837 de
330 1780 375 1848 iis,
391 1779 440 1852 qui
461 1777 671 1836 conservatione
693 1772 849 1832 officiorum

63 1859 260 1916 existimantur
273 1858 350 1916 boni.
392 1866 393 1871 ’

105 1935 163 2000 Qui
191 1944 283 1992 autem
310 1935 407 1992 omnia
434 1937 585 1996 metiuntur
605 1929 802 1992 emolumentis
822 1936 851 1986 et

65 2008 235 2077 commodis,
250 2029 341 2083 neque
361 2031 395 2069 ea
408 2015 506 2072 volunt
525 2009 730 2090 praeponderari
749 2009 851 2068 hones·

66 2100 133 2158 tate,
148 2089 179 2146 hi
198 2087 291 2146 solent
303 2088 333 2156 in
353 2088 530 2150 deliberando
550 2091 700 2149 honestum
720 2106 784 2146 cum
804 2103 851 2168 eo,

66 2167 145 2253 quod
164 2166 232 2226 utile
252 2173 359 2244 putant,
374 2184 554 2242 comparare:
576 2169 642 2226 boui
663 2166 714 2225 viri
735 2184 792 2225 uou
805 2183 850 2222 so·

101 2359 115 2392 ⁸
130 2358 233 2424 Septen.
264 2355 319 2405 The
330 2354 408 2404 Seven
489 2351 542 2401 suf
555 2353 647 2404 Graece
657 2369 721 2404 were
737 2353 854 2410 Pittacus,

9 2431 10 2448 ¹
69 2421 208 2482 Periander,
217 2421 315 2481 Thalea,
326 2419 439 2480 Solon,C
475 2433 514 2474 on,
524 2416 659 2477 Cleobulus,
672 2419 721 2466 aud
732 2417 797 2467 Bias.
813 2415 853 2464 On

70 2493 174 2536 account
184 2487 214 2536 of
219 2488 282 2537 their
294 2491 407 2536 constant
417 2481 568 2532 ohservation
578 2482 608 2531 of
613 2483 654 2531 tha
664 2481 756 2530 middle
767 2480 854 2548 cimice,

71 2551 187 2614 theyhad
204 2553 306 2612 arrived,
317 2567 344 2600 as
361 2550 448 2600 Cicero
458 2563 522 2612 says,
534 2553 559 2595 to
572 2563 638 2596 soma
649 2544 815 2595 resemblance
831 2541 861 2592 of

71 2616 124 2664 that
135 2614 198 2664 ideal
208 2617 332 2666 charaeta
342 2615 425 2665 which
437 2611 579 2664 coustitutea
596 2611 637 2660 tha
647 2609 708 2659 wiso
721 2607 855 2670 man-qul

72 2685 166 2742 septem
181 2681 338 2742 appellentur,
349 2697 389 2730 eoa
400 2680 442 2744 qui
455 2679 503 2728 ista
514 2675 627 2726 subtilius
643 2678 762 2738 querunt,
770 2671 797 2721 iu
812 2687 856 2720 uu·

73 2759 142 2794 mero
152 2743 298 2806 sapientium
309 2761 358 2793 non
369 2746 464 2794 habent.
497 2742 556 2792 Lar.
564 2741 587 2790 2.

105 2811 119 2863 †
139 2807 258 2857 Utilitatis
268 2810 448 2874 repugnantia:
464 2809 525 2860 with
535 2808 577 2858 the
593 2805 675 2870 utility
686 2806 856 2868 repugnantia

74 2875 101 2924 it
