1970 3278
153 207 192 262 00
436 205 483 252 un
499 201 651 253 orrrcus.

152 363 209 404 nna
235 363 298 421 pars
325 344 356 401 in
379 343 503 420 appetitu
527 345 620 421 posita
643 350 695 410 est,
717 359 782 417 quaa
809 355 859 406 est
885 348 947 428 ὁρμὴ

154 423 263 490 Gracc,
279 439 340 494 quae
354 422 498 481 hominem
512 423 569 482 lruc
579 433 607 481 et
617 423 683 481 illuc
697 425 789 498 rapit:
815 426 910 488 altera
921 431 946 486 in

152 503 268 567 ratione,
294 519 356 572 qua
380 500 461 558 docet
480 512 509 559 et
528 503 668 579 explanat,
689 501 760 574 quid
781 503 944 565 faciendum

153 577 370 654 fugiendumque
385 581 430 638 sit.
470 580 513 639 lta
525 581 566 650 fit,
582 591 612 639 ut
625 581 694 640 ratio
707 582 820 657 presit,
838 587 942 664 appeti·

153 666 197 716 tus
211 657 393 734 obtemperet.
412 679 415 686 ·
720 681 723 688 ’

153 894 243 958 cnr.
262 897 374 957 xxrx.
413 849 708 978 appetententes
722 898 940 979 trajannum

360 993 430 1035 aare.
471 976 517 1036 De
530 976 599 1036 lado
613 983 641 1040 et
644 975 727 1056 joco.

193 1149 289 1208 Oums
311 1160 403 1209 autem
422 1153 492 1211 ratio
514 1170 612 1210 vacare
633 1151 715 1210 debet
736 1159 900 1220 temeritate
916 1169 938 1217 et

154 1230 338 1306 negligentia:
360 1249 412 1288 neo
426 1249 492 1288 vero
507 1249 588 1306 agere
603 1231 767 1304 quidquam,
784 1238 873 1312 cujus
887 1258 936 1298 non

153 1309 244 1388 possit
270 1325 397 1366 caussam
424 1310 596 1384 probabilem
623 1309 746 1368 reddere.
790 1313 870 1374 Haec
901 1328 936 1374 est

154 1386 229 1444 enim
244 1386 300 1444 sere
315 1387 465 1463 descriptio
480 1387 594 1445 officit*
633 1387 830 1451 Efficiendum
853 1407 937 1454 auten

153 1475 206 1532 est,
223 1475 252 1522 ut
271 1465 410 1542 appetitus
422 1466 531 1536 ¹rationi
551 1464 691 1556 obediant,
706 1485 831 1550 eamque
853 1494 939 1548 neque

154 1555 331 1619 praecurrant,
352 1561 405 1602 nec
425 1555 539 1622 propter
558 1544 708 1622 pigritiem,
731 1560 781 1616 aut
799 1550 939 1628 ignavius

154 1622 299 1682 deserant:
321 1623 432 1696 sintque
455 1625 605 1699 tranquilli,
628 1633 709 1696 atque
729 1631 811 1686 omni
836 1645 938 1708 pertun

154 1697 265 1761 batione
290 1703 376 1762 animi
398 1713 517 1780 careant.
558 1703 607 1762 Ex
628 1721 685 1775 quo
706 1704 831 1766 elucebit
851 1713 938 1770 omnis

154 1782 317 1848 constantia,
330 1783 478 1854 omnisque
498 1781 660 1840 moderatio.
689 1781 777 1842 ·Nam
794 1791 847 1858 qui
862 1809 938 1868 appe·

155 1857 219 1914 titus
230 1859 341 1934 longius
351 1871 509 1934 evagantur,
517 1871 544 1916 et
552 1869 693 1932 tamquam
703 1863 881 1926 exsultantes
891 1869 938 1926 siri

154 1935 304 2009 cupiendo,
319 1936 374 1992 sivi
387 1936 529 2010 fugiendo,
544 1939 684 1996 nonsatis
706 1959 723 1996 a
743 1945 859 2006 ratione
880 1947 937 2006 reti·

138 2009 263 2078 nentur,
278 2013 299 2068 ii
319 2013 381 2070 sine
401 2013 487 2072 dubio
507 2015 594 2073 finem
608 2016 766 2078 atmodum
787 2031 938 2086 transeunt

154 2087 328 2160 Relinquunt
357 2090 433 2148 enim
451 2100 487 2149 ·et
510 2093 644 2170 abjiciunt
663 2095 869 2174 obedientiam,
892 2123 937 2166 nec

153 2165 253 2222 rationi
274 2177 380 2242 parent,
395 2169 442 2226 cui
463 2181 535 2238 atrut¹
549 2173 668 2248 subjecti
688 2175 752 2252 lege
773 2185 902 2242 naturai:
924 2202 938 2239 a

152 2243 253 2315 quibus
278 2264 336 2304 non
356 2247 441 2308 modo
464 2250 550 2308 animi
570 2253 773 2328 perturbantur,
789 2259 938 2322 sedetiam

153 2339 279 2399 corpora.
319 2324 401 2384 Licet
426 2345 475 2389 ora
500 2329 563 2406 ipsa
590 2347 706 2391 cernere
727 2333 879 2412 iratorum,
898 2349 940 2400 aut

408 2558 572 2612 CHAP'I'ER
587 2561 678 2612 XXIX.

184 2685 199 2717 '²
215 2683 301 2746 Officii.
332 2685 413 2734 'Ilrese
429 2692 478 2736 two
493 2693 618 2738 sentences
630 2691 762 2742 Facciolati
773 2701 908 2753 considers
918 2721 942 2753 aa

151 2745 292 2800 introduced
302 2752 407 2817 bysome
418 2751 578 2814 interpolator,
587 2757 635 2803 and
645 2759 715 2806 made
727 2774 761 2820 up
769 2759 837 2813 from
847 2769 880 2817 de
891 2769 941 2818 rin

152 2808 239 2922 ³3⁸3.
272 2813 320 2866 For
336 2817 405 2876 ratio,
416 2832 491 2882 many
507 2816 596 2868 editors
615 2821 676 2872 have
694 2824 770 2873 aanor
794 2826 835 2879 sor
855 2836 943 2902 porti,
