1970 3272
133 247 194 303 222
395 206 615 292 nnosrrcns.

140 522 229 593 GAP.
244 531 282 592 V.
304 528 472 600 Hominem,
481 537 596 590 nature
612 527 801 598 obedientem,
811 527 933 590 homini

393 627 494 700 nouere
506 627 567 670 ooo
574 625 672 689 posse.

177 769 363 830 nemum
377 771 461 849 igitur
475 767 614 850 [aliquid]
628 769 716 838 alteri,
731 777 759 827 et
777 769 929 828 hominem

134 847 259 908 hominis
286 849 466 919 incommodo
492 868 576 907 sunm
600 866 701 926 augere
730 848 927 916 commodum,

136 928 226 1004 magis
241 937 285 986 est
300 937 398 989 eontm
411 937 546 995 naturam,
561 945 646 1000 quam
659 943 746 989 mors.
757 945 845 998 quam
860 929 928 1004 pau·

135 1015 238 1081 pertas,
253 1023 337 1078 quam
351 1005 440 1073 dolor,
455 1023 539 1076 quam
553 1014 655 1072 uetera,
670 1022 732 1077 qnae
746 1015 871 1080 possunt
882 1014 929 1063 aut

134 1083 246 1158 corpori
268 1082 402 1150 accidere.
417 1092 465 1140 eut
476 1085 559 1140 rebus
581 1083 715 1142 extemis.
757 1081 836 1140 Nam
850 1083 928 1160 prin·

133 1160 211 1236 cipio
225 1161 296 1220 tollit
311 1162 470 1221 convictum
484 1161 639 1224 humanum
653 1169 682 1218 et
695 1159 871 1218 societatem.
893 1162 926 1219 Si

134 1239 212 1296 enim
227 1239 269 1295 sie
282 1239 387 1296 erimus
403 1238 505 1307 affecti,
519 1249 551 1297 ut
564 1249 677 1316 propter
697 1257 781 1294 suum
800 1240 924 1312 quisque

134 1315 355 1375 emolumentum
369 1318 481 1394 spoliet,
496 1329 544 1374 aut
557 1318 643 1375 violet
655 1317 783 1382 alterum,
798 1315 924 1395 dirumpi

134 1411 251 1452 neeesse
266 1405 310 1452 est
322 1414 395 1462 earn,
410 1415 472 1468 quae
485 1397 608 1453 maxime
620 1405 664 1452 est
671 1393 830 1452 seeundum
845 1407 924 1454 natu·

134 1491 204 1540 ram,
225 1473 339 1532 humani
366 1474 476 1551 generis
504 1475 676 1532 societatem.

175 1551 225 1620 Ut,
238 1553 264 1610 si
292 1570 378 1610 unum
393 1551 523 1624 quodque
537 1553 694 1609 membrum
714 1568 833 1608 sensum
847 1550 924 1610 hune

134 1627 257 1698 haberet,
282 1640 313 1687 ut
332 1629 421 1706 'posse
444 1639 553 1706 putaret
576 1648 608 1686 se
633 1629 734 1696 valere,
749 1629 775 1685 si
796 1630 920 1704 proximi

132 1709 253 1766 membri
273 1709 477 1767 valetudinem*
492 1708 525 1766 ad
540 1726 571 1765 se
586 1707 762 1774 traduxisset,
783 1706 921 1766 debilitari

137 1795 166 1842 et
176 1786 288 1844 interire
297 1795 385 1844 totum
398 1805 498 1862 corpus
508 1803 624 1844 neeesse
633 1795 727 1842 esset:
749 1785 801 1852 sic,
812 1787 839 1843 si
849 1805 921 1848 nnius

131 1864 254 1936 quisque
275 1873 402 1922 nostrum
416 1863 450 1920 ad
464 1883 495 1920 se
509 1865 598 1940 rapiat
618 1863 768 1922 commoda
789 1864 918 1931 aliorum.

133 1941 312 2014 detrahatque
332 1940 407 2012 quod
428 1942 530 2012 cuique
553 1942 653 2018 possit,
678 1943 862 2000 emolumenti
876 1945 920 2002 sui

132 2016 229 2094 gratia,
244 2018 363 2074 societas
377 2018 524 2076 hominum
539 2032 567 2078 et
578 2020 766 2078 communitas
784 2029 921 2080 evertatur

131 2113 248 2154 neeesse
262 2105 315 2152 est.
354 2095 384 2153 N
386 2113 441 2164 am,
453 2096 507 2154 sibi
520 2107 551 2154 nt
564 2097 684 2170 quisque
697 2097 786 2165 malit,
795 2100 874 2171 quod
886 2100 920 2158 ad

131 2188 215 2230 usum
226 2173 289 2230 vitae
312 2174 457 2250 pertineat,
478 2193 562 2248 quam
582 2175 670 2243 alteri,
685 2176 840 2247 anquirere,
854 2197 919 2237 eon·

131 2267 243 2308 cessum
268 2259 320 2319 est,
335 2271 393 2310 non
412 2263 583 2330 repugnante
605 2263 717 2312 nature:
739 2254 810 2312 illud
824 2268 921 2315 natura

131 2347 194 2418 11⁰⁰,
204 2329 314 2404 patitur,
328 2340 360 2388 ut
372 2330 489 2389 aliorum
509 2331 609 2408 spoliis
631 2342 740 2390 nostras
762 2333 919 2404 fundatos,

131 2425 238 2483 copres,
252 2425 323 2484 opes
338 2425 499 2486 augeamus.

171 2485 273 2560 Neque
290 2505 357 2547 nero
370 2487 426 2546 hoo
438 2487 531 2546 solum
542 2496 650 2557 natura,
664 2485 694 2546 id
707 2499 752 2547 est
763 2490 833 2566 jure
852 2511 923 2570 gen·

418 2695 577 2743 cutr'rett
594 2699 625 2744 V.

53 2829 59 2844 ¹
159 2816 174 2848 *
190 2815 364 2873 Valetudinem.
400 2821 450 2872 Tua
461 2822 570 2886 strength
579 2823 629 2872 und
636 2839 735 2888 powers.
