1970 3278
117 205 173 262 140
399 201 447 250 ne
465 199 618 251 enricus,

46 337 49 343 ’
114 343 281 406 ualetudinis
302 342 419 410 curatio,
438 360 531 414 neque
555 341 708 418 navigatio.
726 358 820 414 neque
844 341 908 418 agri

115 425 344 494 celtorumque
370 419 481 498 frugum
509 421 704 493 fructuumque
731 421 908 493 reliquorum

117 502 260 581 perceptio
275 511 303 557 et
316 501 490 558 conservatio
504 500 566 558 sine
580 500 729 580 hominum
748 519 837 577 opera
849 499 909 558 ulla

116 594 180 642 esse
195 579 340 655 potuisset.

128 693 131 700 ι
156 659 219 738 Jarn
230 667 440 716 reroeteerurn
452 676 557 725 rerum,
571 657 673 728 quibus
688 655 907 724 abundaremus,

115 737 281 813 exportatio,
296 746 326 804 et
345 755 452 802 earum,
469 737 570 808 quibus
594 753 751 810 egeremus,
772 735 908 802 invectio,

116 825 191 874 uerte
215 810 292 872 nulla
318 825 411 882 esset,
426 815 485 889 nisi
511 815 557 872 his
585 814 747 872 muneribus
774 813 909 870 homines

116 893 306 970 fungerentur.
346 892 511 964 Eodemque
538 892 645 950 ratione
672 909 726 950 neo
752 891 862 968 lapides
890 909 908 948 e

115 980 187 1029 terra
200 971 393 1032 exciderentur
407 969 443 1028 ed
455 969 540 1028 risum
554 973 682 1034 nostrdm
695 970 861 1036 necessarii,

156 1061 222 1122 Neo
249 1063 362 1133 mtrem,
383 1081 432 1131 es,
454 1081 562 1131 eumm,
577 1070 722 1140 argentum
739 1061 909 1120 effoderetur

194 1141 306 1218 penitus
321 1140 455 1210 abditum,

117 1237 179 1295 sine
192 1237 341 1296 hominum
354 1237 449 1296 labore
462 1246 491 1296 et
503 1255 598 1297 manu.

118 1426 207 1490 CAP.
228 1428 281 1490 Vl.
324 1427 437 1500 Quidue
465 1397 564 1566 reboet
578 1427 710 1488 dominer
723 1497 725 1502 ,
738 1423 906 1488 dominibus

444 1525 550 1590 prosus
566 1548 573 1564 .
844 1558 848 1562 .
907 1553 910 1560 ⁴

156 1653 262 1712 'l'ncru
279 1673 356 1722 vero,
371 1654 472 1726 quibus
487 1663 515 1712 et
528 1653 662 1732 frigorum
683 1654 725 1710 vis
747 1653 906 1727 pelleretur,

117 1740 146 1788 et
167 1733 290 1790 colorum
313 1733 450 1791 molestie
471 1733 641 1799 sedarentur,
661 1730 735 1787 unde
756 1739 802 1784 aut
824 1730 907 1789 initio

118 1811 215 1886 generi
236 1811 360 1870 humano
383 1810 444 1869 dari
464 1814 630 1886 potuissent,
652 1817 698 1864 aut
719 1815 818 1880 postea
841 1811 908 1866 sub-

119 1889 237 1956 reniri*
251 1889 277 1948 si
291 1898 338 1946 aut
351 1889 379 1946 vi
406 1888 588 1964 tempestatis,
604 1894 650 1942 aut
662 1893 741 1941 terrae
756 1893 844 1953 motu,
859 1899 909 1946 eut

399 2091 564 2142 CHAP'I'ER
580 2091 623 2141 tv.

148 2219 316 2270 *Solunte
347 2221 378 2270 In
395 2221 487 2270 several
509 2221 588 2286 MSS,
609 2219 750 2272 subvenire:
775 2222 905 2276 Feeeiolnti

117 2285 258 2336 mrbstitutes
268 2285 365 2334 restitui
371 2304 381 2344 ,·
392 2289 435 2336 but
446 2287 466 2336 it
474 2288 496 2336 is
504 2285 611 2336 believed
619 2288 712 2352 merely
720 2305 752 2336 on
761 2291 905 2354 oonjecture.

117 2352 173 2402 'l'he
184 2357 280 2414 present
287 2352 388 2418 reading
399 2353 420 2400 is
431 2351 505 2401 found
515 2353 541 2402 in
551 2353 622 2402 MSS.
630 2353 659 2400 of
665 2353 706 2401 the
716 2354 767 2402 beet
776 2355 903 2420 authority.

119 2417 151 2467 In
161 2417 230 2466 other
236 2415 331 2465 writers
340 2417 369 2464 of
375 2433 434 2480 pnre
446 2404 550 2483 lutinity,
560 2435 587 2466 os
597 2418 652 2466 well
660 2433 686 2466 es
698 2418 724 2466 in
734 2419 828 2478 Cicero,
836 2423 904 2469 verbs

117 2489 203 2546 neuter
214 2480 358 2531 ooooeiomrll
383 2499 479 2532 oeeume
490 2500 506 2531 u
516 2484 609 2546 pussive
620 2483 683 2532 form
694 2500 729 2543 as,
740 2484 857 2543 adridere,
865 2485 905 2534 ad·

117 2546 905 2679 uerrere-rtrtturmrrmromum

221 2645 227 2672 l
298 2649 305 2673 l

14 2739 15 2742 Ἴ
118 2681 140 2729 ir
157 2679 254 2742 oupeble
270 2677 300 2728 of
311 2686 363 2736 ¹two
379 2679 569 2728 oonstrnotions:
586 2679 669 2737 either,
680 2685 741 2728 tectu
754 2686 837 2744 poetea
853 2681 904 2730 eud.

118 2745 349 2809 ”comparuissem
358 2744 441 2794 dooere
448 2760 504 2810 may
510 2743 654 2808 afterwards
662 2743 687 2791 le
693 2750 738 2808 put
744 2746 771 2791 in
778 2747 858 2808 repoir
865 2764 904 2794 u·-

119 2824 153 2867 or,
160 2811 193 2872 by
201 2809 335 2876 disjoining
342 2811 412 2870 tee'ta,
420 2811 467 2860 und
475 2809 606 2868 subveniri,
615 2810 667 2860 thet
677 2809 718 2867 iio,
727 2811 774 2858 end
782 2812 904 2874 potuisset,

126 2887 177 2938 ηε]
199 2874 229 2922 be
251 2875 402 2926 understood.
434 2875 474 2924 He
496 2876 563 2926 leons
584 2882 610 2924 to
631 2875 672 2924 tho
691 2875 781 2924 former
802 2875 904 2938 opinion,
