1970 3278
353 211 417 260 ΠΒ.
429 211 461 261 Π.
477 211 554 262 CAP.
566 210 609 260 1v.
817 207 869 266 141

87 361 226 415 vetustate
259 352 435 424 cecidissent,
469 351 523 414 nisi
556 353 716 414 communis
749 351 806 410 vitu
838 351 873 410 eb

88 433 252 492 dominibus
267 433 365 491 harum
377 451 470 492 renum
485 434 588 492 auxilio
601 443 695 510 petere
709 429 871 490 didicisset!

89 513 171 570 Adde
198 511 298 570 ductus
326 530 469 582 uquarum,
498 512 681 570 derivationes
712 509 872 574 fluminum,

90 609 220 667 agrorum
245 591 428 665 irrigationes,
451 591 540 648 moles
564 591 707 666 oppositos
731 588 873 653 fluctibus,

90 680 188 744 portus
199 687 284 726 manu
294 668 392 736 factos,
402 687 464 742 quae
476 668 549 726 unde
560 669 621 726 sine
631 669 778 726 hominum
789 684 874 743 opere

89 747 193 804 habere
220 748 391 822 possemus?
431 747 479 804 Ex
504 748 615 820 quibus,
638 747 788 819 multisque
812 741 882 802 aliis'

88 826 272 901 perspicuum
292 826 407 897 estqui
425 825 530 884 fructus
550 844 668 902 quaeque
688 825 819 884 utiiitates
839 841 876 881 ex
960 818 963 831 “

89 904 174 960 rebus
185 903 234 970 ‘nst
247 921 311 975 quse
326 914 392 962 sunt
405 905 538 973 inanimo,
552 905 808 981 percipientur,ees
822 921 875 960 nos

89 981 169 1040 nullo
196 981 281 1042 modo
307 983 370 1041 sine
397 984 544 1042 hominum
569 979 655 1040 manu
679 992 764 1054 utque
789 999 877 1057 opere

87 1077 192 1136 cepere
209 1061 347 1138 potuisse.
385 1061 444 1128 Qui
462 1060 585 1133 denique
597 1079 635 1118 ex
646 1059 746 1122 bestiis
761 1059 876 1127 fructus,

88 1149 138 1196 aut
161 1157 223 1211 quae
247 1139 442 1207 commoditas,
467 1139 524 1198 nisi
548 1139 679 1197 homines
704 1137 875 1216 adjuvarent,

87 1217 198 1352 percipi
210 1217 327 1293 possett
356 1219 385 1276 N
388 1237 433 1275 om
444 1228 472 1280 et
483 1218 531 1290 qui
543 1217 685 1295 principes
698 1215 877 1276 inveniendi*

100 1305 210 1364 uerunt,
239 1311 323 1368 quem
349 1314 388 1354 ex
415 1314 524 1368 quoque
551 1296 633 1353 belua
658 1315 742 1354 usum
775 1297 878 1354 habere

87 1391 251 1450 possemus,
266 1374 396 1432 homines
418 1383 491 1431 certe
511 1373 639 1432 fuerunt:
661 1391 715 1432 neo
735 1375 789 1433 hoc
809 1384 878 1432 tem-

88 1469 159 1527 pore
179 1452 243 1509 sine
266 1451 413 1510 hominnm
432 1469 523 1531 'opera
544 1463 591 1510 aut
614 1470 727 1528 pascere
751 1472 809 1521 eus,
832 1461 880 1511 out

89 1529 214 1597 domare,
229 1538 277 1585 aut
297 1529 379 1596 tueri,
395 1538 442 1586 aut
462 1531 643 1604 tempestivos
664 1531 768 1588 fructus
783 1549 820 1588 ex
833 1531 878 1588 his

89 1626 190 1685 capere
218 1623 384 1684 possemus:
420 1607 454 1663 ab
484 1607 647 1678 eisdemque
679 1617 708 1664 et
738 1625 788 1676 eae,
817 1625 879 1679 quoe

89 1696 203 1754 nocent,
219 1683 438 1743 interficiuntur:
464 1692 492 1742 et
512 1701 573 1757 quae
594 1685 657 1742 usui
672 1695 792 1764 possunt
805 1703 881 1755 csse,

87 1767 250 1842 capiuntur.

131 1843 208 1909 Quid
222 1857 384 1904 enumerem
398 1845 498 1905 artium
513 1845 729 1911 multitudinem,
744 1843 806 1902 sine
821 1843 881 1916 qui·

89 1922 144 1980 bus
159 1922 215 1978 vita
228 1922 345 1982 omnino
359 1943 422 1982 esse
437 1925 595 2002 potuisset!
627 1925 698 1992 Quis
709 1924 787 1994 enim
799 1921 880 2001 egris

90 1997 261 2066 subveniret,
282 2018 345 2072 quae
372 2015 448 2061 esset
474 2004 620 2062 oblectatio
647 2003 810 2072 valentium,
832 2001 881 2074 qui

3 2095 6 2118 t
91 2077 196 2145 vietus,
221 2088 268 2136 aut
292 2081 394 2150 cultus,
420 2082 477 2139 nisi
502 2091 558 2140 tam
583 2083 676 2140 multae
701 2083 783 2142 nobis
808 2091 881 2138 artes
981 2135 982 2142 ,

89 2156 290 2225 ministrarent,
304 2160 408 2230 quibus
429 2161 513 2217 rebus
534 2160 644 2218 exculta
663 2161 809 2218 hominum
825 2159 883 2215 vito
981 2155 982 2214 ἶ

89 2243 198 2293 tuntum
212 2235 296 2293 distat
315 2257 332 2293 a
352 2238 428 2295 victu
442 2247 471 2294 et
484 2237 559 2294 cultu
574 2239 746 2296 bestiarum!
788 2235 881 2294 Urbes
981 2243 982 2316 ᾗ

90 2331 157 2372 vero
185 2314 247 2370 sine
276 2313 423 2372 hominum
451 2323 524 2372 coetu
552 2333 608 2374 non
636 2317 795 2392 potuissent
828 2331 883 2371 nec
981 2329 982 2346 ¹

87 2383 230 2458 aediiicari,
245 2410 298 2449 neo
312 2391 497 2464 frequentari:
508 2411 557 2462 ,ex
570 2411 626 2466 quo
640 2395 717 2471 leges
728 2409 882 2464 moresque

85 2471 240 2535 constituti,
270 2481 327 2527 tum
358 2471 432 2546 juris
460 2489 541 2549 aeque
569 2471 721 2548 descriptio
749 2479 883 2539 certaque

2 2580 5 2588 ·
89 2548 202 2605 virendr
216 2547 374 2625 drscrplme.
416 2549 493 2649 Quos
508 2568 552 2608 res
573 2559 602 2608 et
620 2547 806 2619 mansuetudo
821 2546 883 2603 aui·

89 2750 224 2800 Lambinus
242 2754 364 2804 considers
382 2755 423 2804 tire
441 2771 542 2823 passage
559 2770 587 2806 es
604 2753 719 2820 probubiy
734 2744 878 2811 wlffinfl

90 2831 158 2866 some
170 2833 196 2866 es
207 2824 250 2882 yet
259 2821 401 2868 undetected
413 2835 485 2870 error.
698 2824 703 2832 '

124 2883 138 2916 ¹
155 2881 284 2949 Principes
295 2885 441 2934 inveniendi.
478 2886 555 2937 Tirone
565 2885 684 2950 wltofirtt
694 2871 835 2944 (152th
