1978 3268
153 255 210 310 290
439 250 487 296 DE
505 245 659 297 oltricus.

193 395 253 455 Sed
272 394 481 453 omitmusaet
493 390 612 455 fabulas,
627 395 655 444 et
669 393 802 443 externa:
825 383 861 442 ad
882 397 943 442 rem
973 441 977 448 ,

155 477 255 534 laetam
270 481 419 540 nostraque
431 469 586 526 veniamus.
620 465 672 522 ·Μ.
684 463 787 520 Atilius
800 461 942 539 Regulus,

156 567 220 611 oum
240 549 341 607 consul
360 548 477 604 iterum*
492 547 520 603 in
535 545 630 602 Africa
651 561 688 600 ex
710 539 821 598 insidiis
842 551 943 617 captus

156 641 240 696 esset,
256 626 325 684 duce
347 625 514 700 Xanthippo
534 620 758 686 Lacedaemonio‚
773 619 942 694 imperatore

157 717 247 765 autem
261 715 349 781 patre.
386 702 552 761 Hannibalis
568 699 741 765 Hamilcare,¹
749 698 859 773 juretus
876 697 943 754 mis-

156 805 204 842 sus
219 795 262 842 est
275 783 310 840 ad
330 790 468 848 senatum,
482 791 523 847 ut,
537 778 594 836 nisi
614 777 714 834 redditi
734 773 942 833 essentPoenis

157 863 259 940 captivi
273 862 381 919 nobiles
396 859 519 931 quidam,
534 855 638 914 rediret
650 855 712 931 ipse
727 853 940 930 Carthaginem.

156 934 186 1000 Is
207 958 270 998 cum
286 939 406 997 Romam
427 936 560 1000 venisset,
575 934 700 995 utilitatis
722 931 848 1008 speciem
867 931 942 989 vide·

157 1021 213 1088 hat,
235 1016 285 1074 sed
307 1025 379 1080 eam,
394 1025 425 1070 ut
446 1025 491 1069 res
514 1011 644 1078 declarat,
668 1011 766 1068 falsam
784 1010 941 1086 judicavit:

159 1092 238 1174 [qhe
252 1102 310 1150 erat
322 1088 416 1168 talis]†
429 1101 542 1148 manere
556 1091 586 1148 in
600 1091 699 1166 patria,
714 1107 778 1146 esse
792 1087 872 1146 domi
886 1107 942 1146 sua

159 1191 223 1230 cum
236 1188 334 1236 uxore,
346 1187 411 1226 cum
424 1169 537 1236 liberis;
551 1185 638 1242 uuam
657 1167 842 1226 calamitatem
867 1185 943 1224 acce·

158 1249 285 1328 pissetin
293 1247 377 1316 bello,
385 1265 565 1305 communem
574 1246 690 1304 lormnae
701 1246 808 1304 bellicae
815 1245 943 1323 judican-

158 1338 226 1396 tem,
251 1336 345 1386 tenere
370 1326 524 1384 consularis
549 1324 691 1401 dignitatis
716 1323 853 1401 gradum:
881 1323 942 1397 quis

158 1407 220 1465 haec
233 1415 317 1480 neget
329 1423 392 1462 esse
403 1404 499 1461 utilia?
514 1403 606 1469 Quem
621 1403 757 1477 censesti
776 1400 942 1480 Magnitudo

159 1484 246 1544 animi
260 1493 288 1540 et
300 1482 431 1541 fortitudo
445 1484 552 1559 negat.§

158 1641 226 1700 lawa,
236 1640 347 1706 religion,
358 1639 405 1688 and
417 1637 473 1687 civil
488 1637 639 1688 institutione
649 1637 743 1686 similar
753 1643 779 1686 to
788 1637 857 1687 those
869 1637 899 1688 of
904 1638 944 1687 the

158 1706 266 1755 Greeks:
283 1721 311 1754 aa
322 1703 440 1768 speaking
451 1703 492 1752 the
503 1719 570 1752 same
578 1704 707 1768 language,
715 1703 756 1752 tho
767 1701 913 1768 probability
923 1703 944 1752 is

158 1771 212 1820 that
227 1770 284 1834 they
295 1785 359 1818 were
377 1767 494 1818 admitted
508 1774 534 1816 to
544 1769 574 1816 be
585 1769 615 1816 of
625 1769 666 1816 the
683 1783 751 1816 same
768 1768 881 1825 deacent;
897 1767 943 1817 and
976 1799 977 1810 ,

158 1834 340 1964 {hilatltherrsteafore
355 1833 404 1883 thia
419 1832 563 1897 appellation
579 1833 650 1882 could
664 1840 708 1882 not
724 1834 753 1881 be
768 1832 894 1898 generally
905 1847 942 1896 ap-

185 1900 206 1949 'e
233 1904 258 1948 tc
296 1914 343 1948 em.
670 1931 671 1934 =

191 1966 206 1998 ἕ
223 1960 315 2012 Consul
325 1965 420 2011 dmum.
451 1963 483 2010 A.
494 1961 524 2012 U.
535 1962 563 2010 C.
573 1961 629 2022 486,
639 1963 688 2011 and
698 1960 753 2012 tet.

191 2028 205 2080 t
222 2027 281 2086 Qua
293 2035 344 2076 erat
354 2027 419 2076 tulta.
451 2027 532 2076 These
550 2027 617 2077 three
634 2029 714 2077 words
730 2043 772 2077 are
791 2028 897 2093 rejected
913 2028 943 2090 by

158 2090 329 2139 Faaciolati'as
342 2091 461 2153 spurious.

192 2154 202 2205 i
219 2153 296 2212 Quen
307 2157 405 2204 censes?
421 2173 454 2205 sc.
470 2157 577 2222 negare?
609 2156 672 2206 This
683 2157 770 2220 phrase
788 2156 894 2206 receives
905 2172 942 2204 ex·
970 2165 973 2172 “

159 2215 282 2282 planalron
293 2218 356 2266 from
363 2219 508 2280 Quintilian,
519 2222 551 2270 ix.
558 2221 581 2270 2t
590 2221 631 2270 24.
664 2228 679 2251 ‘⁶
686 2223 871 2284 Nonmmquam
881 2237 943 2270 com-

159 2281 312 2338 municantes
323 2283 414 2346 aliquid
425 2286 603 2348 inexpectatum
614 2288 702 2336 sub'un
721 2284 785 2335 ‘mus
796 2287 860 2348 quod
869 2293 893 2334 et
904 2301 944 2348 per

159 2361 186 2396 se
197 2347 296 2396 schema
307 2354 350 2396 est
375 2347 409 2396 Ut
419 2349 446 2396 in
457 2351 566 2410 Verrem,
576 2350 635 2415 quid
643 2305 683 2400 dei
718 2354 746 2400 e?
757 2350 816 2414 qaid
827 2351 944 2400 emetis?
975 2385 977 2408 ,

153 2413 252 2478 sunam
262 2411 378 2476 sonasse,
393 2421 437 2461 aut
449 2414 559 2478 predam
575 2415 700 2479 aligeram?
717 2415 812 2466 Deinde
828 2431 886 2464 cum
904 2415 944 2463 diu

159 2477 324 2540 suspendisset
342 2477 448 2526 'udicum
464 2479 567 2540 animos,
578 2481 682 2530 sub'ecit
692 2483 757 2544 quod
767 2481 846 2530 multo
856 2486 895 2528 est
902 2480 944 2528 im-

159 2543 280 2618 PF’ibw
312 2493 382 2602 Also,
400 2545 445 2605 pro'
453 2543 561 2603 Cmcina,
577 2561 597 2593 c.
614 2497 637 2593 ἐ.
653 2546 780 2596 “Mandat
797 2552 825 2595 ut
842 2545 944 2594 fundum

159 2609 205 2656 srbr
216 2609 299 2656 ematl
316 2608 356 2657 cui
372 2609 491 2656 tandeml
507 2606 549 2657 cui
565 2610 674 2672 putetis?
691 2627 774 2660 annon
791 2611 818 2658 in
835 2617 944 2660 mentem

158 2672 225 2721 venit
240 2673 378 2732 omnibus,”
395 2672 443 2721 &a
476 2672 539 2722 'I'his
558 2673 689 2724 rhetorical
707 2676 779 2734 form,
791 2675 884 2724 vtrlrioh¹
895 2689 944 2725 was
976 2691 977 2702 ¹

158 2737 251 2784 termed
262 2737 458 2797 communicatio,
469 2753 570 2800 appears
585 2739 700 2789 intended
712 2747 737 2790 to
753 2740 833 2790 excita
850 2747 944 2806 greater

159 2800 283 2873 attention.
316 2803 389 2866 Toup
399 2803 479 2852 would
491 2810 584 2853 correct
600 2805 650 2854 this
666 2822 768 2872 passage
779 2807 846 2866 thus,
857 2807 944 2856 utdio?

159 2861 233 2909 adalia
244 2879 295 2926 qtae
304 2881 394 2925 emer,
406 2868 454 2916 &a

190 2924 477 2997 §Magnitudo-negat.
509 2933 549 2984 Sir
567 2934 759 2993 HerbertGroll,
776 2935 802 2984 in
819 2935 859 2986 hia
878 2941 946 2992 tract,
972 2983 977 3000 ,
