1970 3278
359 200 463 255 amn.
482 204 613 260 cunin.
690 155 692 160 ⁵
741 173 745 182 '
820 207 876 264 ιω

83 341 138 414 sit,
156 345 187 406 id
206 347 290 408 etiam
312 347 380 410 utile
404 369 468 410 esse
490 360 620 408 censent:
648 349 773 420 itemque
795 348 872 421 quod

85 426 248 494 honesturn,
270 427 344 485 idem
366 430 485 504 justum.
526 430 575 486 Ex
585 447 652 502 ·qno
680 427 808 495 afficitur,
829 438 872 494 nt,

84 504 223 578 quidquid
242 505 391 564 honestum
406 509 452 573 sit,
467 507 541 564 idem
556 509 593 564 sit
605 507 683 566 utile.
725 505 807 572 Quod
821 507 871 578 qni

83 600 184 658 parum
209 585 392 660 perspiciunt,
407 585 438 643 hi
459 603 535 660 saepe
558 596 684 642 versutos
698 583 828 655 homines
842 586 872 642 ot

82 661 203 719 callidos
218 662 396 731 admirantes,
410 664 543 720 malitiam
558 661 723 740 sapientiam
733 661 869 738 judicant.

3 743 6 766 ²
82 739 213 806 Quorum
227 759 304 798 error
316 741 476 817 eripiendus
490 751 543 808 est,
558 741 709 826 opinioque
723 741 816 802 omnis
837 739 872 800 ad

79 835 147 874 eam
161 821 261 894 spem*
271 819 446 888 traducenda,
458 831 489 877 nt
500 819 626 877 honestis
637 819 763 890 consiliis
773 820 871 896 justis·

83 913 140 968 que
154 895 243 965 factis,
258 915 316 956 non
336 898 430 956 fraude
444 908 472 956 et
486 899 591 958 malitia
604 915 635 955 sc
649 897 804 974 intelligant
824 915 868 966 ea,

82 993 147 1047 quae
160 975 257 1043 velint,
271 978 407 1050 consequi
421 997 517 1054 posse.

123 1053 194 1118 Quae
206 1072 272 1130 ergo
283 1055 410 1114 advitam
423 1057 569 1115 hominum
579 1055 710 1116 tuendam
718 1057 869 1136 pertinent,

81 1132 185 1208 partim
227 1143 292 1192 sunt
329 1136 462 1204 inanima,
500 1145 531 1192 ut
568 1155 677 1204 aurum,
713 1145 869 1213 argentum,

81 1220 119 1266 ut
137 1229 180 1279 ea,
202 1229 264 1283 quae
289 1213 440 1289 gignuntur
467 1231 483 1271 c
511 1224 592 1282 terra,
612 1225 643 1272 ut
671 1214 726 1275 alia
757 1214 869 1290 generis

3 1325 14 1372 ι,
82 1288 229 1380 ejusdem:
266 1292 364 1367 partim
383 1291 539 1361 'animalia
571 1310 634 1364 qnae
668 1292 772 1350 habent
801 1310 869 1349 suos

82 1378 205 1444 impetus
239 1379 268 1426 et
301 1387 394 1430 rernm
428 1375 578 1447 appetitus.
629 1369 738 1436 Eorum
775 1380 868 1432 autem
954 1391 956 1394 ·

81 1446 136 1502 alia
160 1447 282 1504 rationis
300 1447 426 1522 expertia
449 1458 524 1516 sunt,
545 1447 599 1504 alia
622 1449 728 1506 rationo
751 1449 867 1506 utentia.

81 1523 224 1600 Expertes
246 1525 372 1591 rationis,
395 1526 470 1596 eqni,
491 1527 588 1591 boves,
609 1526 723 1596 reliqua
745 1525 868 1601 pecudes

81 1600 184 1682 [apes]
205 1613 323 1672 quarum
350 1619 435 1676 opere
458 1602 579 1658 efficitur
602 1602 708 1677 aliquid
728 1603 763 1658 ad
784 1620 868 1660 usum

80 1681 231 1746 hominum
246 1688 327 1754 atque
341 1679 437 1736 vitam.
477 1679 597 1738 Ratione
618 1688 709 1739 annm
730 1679 868 1738 utentium

80 1759 137 1823 duo
152 1777 254 1836 genera
268 1766 386 1834 ponunt,
400 1756 516 1814 deornm
529 1773 628 1822 unum,
643 1756 758 1814 aiterum
778 1755 870 1814 homi-

80 1856 160 1902 nnm.
202 1837 280 1894 Deos
303 1835 426 1913 placatos
450 1835 538 1912 pietas
560 1834 868 1900 efficietetsanctitas:

80 1917 212 1992 proxime
222 1913 512 1974 autemetsecundum
521 1913 599 1980 deos,
609 1913 740 1971 homines
749 1913 871 1972 homiui·

6 1995 10 2006 '
80 1995 134 2052 bus
149 1993 273 2050 maxime
285 1995 366 2052 utiles
381 2013 444 2052 esse
456 2000 584 2070 possunt.
625 1991 788 2066 Earumque
801 1992 870 2053 item

9 2101 14 2115 ·
80 2089 185 2138 rerum,
207 2089 269 2144 quae
289 2082 409 2131 noceant
422 2082 450 2130 et
463 2071 565 2138 obsint.
580 2068 678 2128 eadem
699 2071 802 2130 divisio
815 2081 869 2131 est.

81 2149 140 2209 Sed
162 2150 228 2222 quia
249 2149 317 2209 deos
339 2169 440 2208 nocere
462 2167 519 2206 non
541 2157 648 2224 putant,
663 2148 709 2206 his
729 2152 867 2228 exceptis,

81 2229 213 2288 homines
227 2230 389 2288 hominibus
404 2230 504 2286 obesse
517 2227 681 2302 plurimum,
695 2229 869 2288 arbitrantur.

81 2307 127 2366 Ea
147 2309 225 2370 ,euim
248 2309 320 2384 ipsa,
344 2325 407 2380 quae
431 2305 555 2369 inanima
578 2303 713 2374 diximus,
735 2307 870 2383 pleraque

82 2397 148 2445 sunt
161 2387 308 2448 hominurn
323 2385 417 2462 operis
431 2383 540 2450 effecta,
553 2401 615 2455 que
627 2383 679 2442 ne'o
690 2385 869 2454 haberemus,

3 2509 4 2512 η
82 2465 138 2524 nisi
152 2484 252 2522 manus
267 2475 296 2522 et
309 2483 353 2521 ars
369 2463 553 2522 accessisset:
575 2479 629 2520 uso
641 2462 687 2520 his
702 2465 764 2521 sine
778 2463 870 2522 homi·

82 2562 150 2603 num
184 2543 423 2606 administratione
456 2553 608 2600 uteremur.
656 2541 758 2614 Neque
791 2542 869 2600 enim

114 2750 129 2783 ὕ
146 2747 189 2796 Ad
198 2763 251 2797 som
262 2765 335 2814 spero.
367 2749 415 2800 Not
425 2758 448 2800 to
458 2750 515 2816 dopo
525 2750 569 2815 scr
579 2749 716 2866 moeso&
724 2747 873 2814 fraudciettt

83 2812 132 2863 ond
142 2812 244 2863 moisio
251 2816 380 2878 procoma,
391 2815 432 2865 dot
443 2815 473 2880 by
483 2814 611 2882 oboeroiog
620 2813 659 2866 the

711 2831 736 2864 es
747 2813 775 2878 os
781 2814 872 2867 honour

82 2877 133 2936 'ond
144 2877 249 2942 tamnu
