1970 3278
307 151 404 239 mur.
424 190 633 240 crnxxxur.
803 195 858 251 roe

72 334 175 392 lexerit
188 351 295 390 errasse
307 334 336 391 in
350 332 498 409 deligendo
509 352 610 410 genere
621 335 694 392 vitae.
734 334 817 401 Quod
832 337 858 394 si

8 471 9 478 ,
72 412 206 470 acciderit
226 409 331 491 (potest
341 422 436 468 emersi
456 410 594 488 occidere)
609 411 857 472 sociendamorum

30 501 35 508 ·
70 491 318 562 institutorumque
341 490 457 548 mutabo
473 500 528 548 est.
567 491 641 548 Eam
661 491 857 558 mutationem,

71 569 98 626 si
113 578 240 644 tempore
259 568 436 644 adjuvabunt,
452 568 559 629 facilius
575 569 805 641 commodiusque
819 569 858 626 su·

67 647 190 703 ciemus.
231 646 284 704 sm
298 647 410 712 miuus3
431 647 539 704 sensim
551 647 605 704 orit
627 646 856 722 nemetumque

67 723 215 782 faciendo:
237 735 268 781 ut
294 725 441 792 amicitias,
469 743 532 797 que
556 726 651 782 minus
672 724 811 782 delectent
830 734 882 783 ei'

70 804 233 878 pcoberrtur,
245 804 335 878 magis
347 801 446 863 decere
457 813 573 860 censent
583 804 741 878 sepientes*
750 804 857 863 sensim

70 881 209 950 dissuere,
236 899 321 953 quem
334 890 449 958 repente
472 881 634 957 precidme.
673 880 857 940 Commutato

68 963 170 1016 u'utem¹
179 977 281 1036 genere
295 959 368 1028 vite,
384 960 461 1017 omni
473 961 579 1018 renone
589 959 746 1018 curandum
760 968 814 1028 est,
825 969 857 1018 ut

70 1036 102 1094 id
116 1038 190 1096 bono
205 1039 324 1096 consilio
337 1038 439 1096 secisse
452 1038 606 1096 videamur.

109 1115 167 1174 Sed
180 1117 314 1188 quoniam
328 1117 422 1192 paullo
436 1115 619 1174 antedictum
636 1124 691 1184 *osb
705 1114 855 1174 inuitandos

66 1211 133 1252 esse
147 1195 279 1270 majores,
294 1195 416 1270 primum
431 1195 500 1252 illud
513 1203 663 1271 exceptum
677 1195 723 1262 sit,
738 1213 774 1252 ne
788 1194 857 1252 vitiu

66 1273 127 1330 sint
150 1273 309 1340 imitanda.†
348 1272 469 1341 Deinde,
489 1273 515 1330 si
539 1283 635 1331 netum
653 1291 711 1330 non
731 1271 809 1339 seret,
824 1281 856 1330 ru

66 1351 197 1422 quaedem
224 1351 326 1408 imitari
350 1352 458 1426 possit;
490 1349 533 1430 (ut
554 1351 707 1428 superioris
729 1350 854 1414 Africani

66 1429 155 1496 filius,
170 1430 218 1500 qui
242 1429 317 1487 bunc
341 1429 441 1488 Paullo
463 1442 559 1488 natum
573 1429 723 1506 adoptarit,
739 1438 854 1505 propter

67 1507 256 1564 infirmitatem
284 1507 452 1565 valetudinis
479 1527 537 1566 non
563 1517 621 1566 tarn
647 1509 739 1584 potuit
766 1507 852 1582 putris

66 1585 170 1642 similis
183 1603 258 1652 esse,
272 1605 357 1657 quam
381 1586 429 1642 illc
444 1585 533 1642 iuerat
556 1585 612 1662 sui)
637 1586 663 1640 si
687 1585 772 1660 igion
785 1593 853 1642 'nou

66 1664 170 1740 poterit
178 1663 237 1720 sive
251 1669 365 1720 caussas
377 1661 553 1728 defensitare,
565 1664 625 1719 sive
639 1662 776 1737 populum
786 1679 852 1718 con·

66 1742 195 1813 cionibus
208 1752 311 1808 tenere,
322 1743 381 1799 sive
390 1741 463 1798 bella
471 1759 567 1818 gerere
579 1759 587 1808 ;
602 1741 650 1797 illa
661 1748 754 1796 temen
767 1755 852 1814 prees·

67 1829 125 1878 tare
140 1819 260 1888 debebit,
275 1839 337 1891 quoe
351 1829 432 1878 emnt
445 1821 475 1877 in
498 1819 589 1896 ipsius
612 1827 758 1894 potestate,
769 1817 852 1893 justi·

65 1900 145 1964 tiam,
160 1897 261 1965 tidem,¹
278 1899 480 1966 liberalitatem,
495 1897 672 1964 modestiam,
695 1905 851 1972 temperan-

8 1995 9 2008 ¹
65 1977 145 2048 tiam,
159 1995 215 2048 quo
228 1977 324 2034 minus
342 1977 376 2034 ab
390 1995 425 2034 eo
439 1976 478 2044 id,
498 1974 573 2047 quod
593 1974 674 2042 desit,
687 1975 851 2046 requiretur.

8 2105 10 2128 ‚
66 2055 183 2132 Optime
197 2064 290 2112 autem
303 2047 442 2112 hereditas
452 2073 468 2112 a
479 2053 602 2131 patribus
617 2053 731 2112 traditur
744 2053 849 2121 liberis,

57 2134 201 2206 ‚omnique
227 2133 395 2211 putrimonio
416 2132 599 2209 praestoutior,
625 2131 714 2208 glorie
741 2132 850 2190 virtutis

64 2229 216 2284 rerumque
229 2220 388 2288 gestarum:
416 2213 462 2268 cui
479 2209 609 2268 dedecori
632 2227 706 2278 esse,
726 2207 804 2268 neseis
819 2227 850 2266 es

64 2291 186 2368 impium
196 2289 380 2367 judicandum
394 2299 446 2348 cst.

96 2433 112 2465 i
123 2429 256 2494 Sapientes.
288 2429 375 2479 Cicero
393 2430 438 2480 hee
453 2427 583 2494 elsewhere
600 2428 729 2478 attributed
747 2433 772 2476 to
790 2427 851 2475 Ceto

9 2503 10 2506 ’
64 2495 114 2545 titis
126 2495 216 2544 odvioe.
248 2494 342 2544 “Tales
353 2495 467 2544 amicitie
479 2501 536 2543 eunt
546 2493 689 2543 remissione
700 2509 760 2542 usus
771 2491 851 2540 eluen-

8 2601 13 2614 .
64 2561 115 2616 doe3
130 2566 155 2607 et
166 2567 193 2608 ut
206 2559 326 2608 cutonem
337 2559 416 2609 dicere
432 2557 519 2618 audivi,
535 2559 671 2608 dissuendee
682 2557 762 2622 magis
778 2569 852 2618 quum

65 2623 253 2673 discindendae.”
285 2623 345 2674 Lrel.
356 2625 394 2674 21.

98 2687 112 2740 †
124 2686 320 2738 Ne—imitcnda.
353 2690 415 2739 This
425 2689 446 2738 is
457 2687 572 2761 probably
584 2685 704 2742 intended,
715 2689 759 2732 not
768 2689 794 2730 to
805 2681 852 2730 dis-

65 2752 142 2804 suude
152 2751 215 2800 from
222 2753 263 2801 the
274 2753 394 2806 imitation
402 2753 512 2803 elmere]
523 2750 703 2810 dihnqueuciee,
714 2749 758 2796 but
768 2745 798 2795 of
803 2761 852 2814 cny

66 2815 230 2882 pectilierities
240 2833 267 2865 or
278 2819 388 2879 personui
398 2818 488 2868 defectu
496 2817 523 2865 iu
533 2815 601 2864 those
612 2827 712 2876 persone
721 2811 804 2862 whom
814 2825 852 2861 we

21 2886 25 2896 ’
66 2887 168 2946 respect,
176 2881 225 2932 uod
233 2881 289 2931 telre
298 2899 325 2932 es
336 2882 428 2932 models
