1970 3272
142 224 197 279 164
423 221 471 270 DE
489 219 644 270 osricus.

140 383 200 432 non
221 362 375 438 querendae
394 362 486 421 solum
507 364 577 421 ratio
591 371 644 431 est,
657 379 755 420 verum
771 361 856 422 etiam
870 364 928 423 ool·

141 443 274 508 locanda,
296 459 358 514 quae
382 451 532 518 perpetuos
553 451 661 502 sumtus
682 439 851 518 suppeditet,
873 463 928 502 nec

141 523 234 580 solum
255 519 439 586 necessarios,
454 519 504 578 sed
523 521 608 578 etiam
628 520 767 588 liberales,
782 521 824 578 sic
837 523 928 598 gloria

38 627 41 636 Δ
140 609 169 658 et
182 599 338 671 quaerenda,
353 610 381 656 et
394 599 556 657 collocanda
568 599 674 657 ratione
688 602 760 656 est*

180 679 358 749 Quamquam
379 678 509 754 praeclare
529 678 684 745 Socrates,†
696 677 769 734 hanc
792 679 869 736 viam
893 677 927 736 ad

140 755 256 831 gloriam
267 756 424 832 proximam
436 767 464 813 et
474 757 555 827 quasi
569 755 805 832 compendiariam
816 757 927 816 dicebat

139 851 212 902 esse,
234 835 259 891 si
283 836 347 906 quis
369 834 397 892 id
416 845 517 910 ageret,
538 843 579 901 ut,
604 835 693 906 qualis
717 835 813 892 haberi
831 837 926 902 vellet,

139 912 201 969 talis
229 924 313 970 esset.
355 912 437 980 Quod
465 913 489 969 ai
514 914 563 985 qui
588 913 775 981 simulatione,
797 928 826 970 et
849 915 927 973 inani

140 991 334 1058 ostentatione,
346 1004 375 1049 et
386 991 452 1049 ficto
463 1009 520 1048 non
531 992 615 1048 modo
627 1009 767 1060 sermone,
779 992 829 1050 sed
841 995 926 1052 etlam

139 1069 227 1137 vultu,
242 1070 369 1126 stabilem
388 1087 419 1126 se
441 1069 558 1146 gloriam
572 1070 707 1141 consequi
722 1089 807 1146 posse
819 1082 926 1139 rentur,

140 1148 320 1206 vehementer
328 1157 428 1205 errant.
469 1147 544 1205 Vera
554 1147 643 1224 gloria
651 1148 758 1205 radices
768 1149 834 1224 agit,
843 1157 926 1223 atque

139 1226 223 1283 etiam
237 1236 418 1302 propagatur:
440 1227 506 1284 ficte
525 1227 621 1285 omnia
633 1227 768 1294 celeriter,
783 1237 926 1300 tamquam

139 1304 260 1372 flosculi,
274 1305 415 1372 decidunt,
428 1325 480 1363 nec
494 1305 654 1364 simulatum
668 1317 760 1382 potest
773 1306 926 1378 quidquam

138 1401 202 1440 esse
224 1383 394 1442 diuturnum.
436 1385 539 1441 Testes
559 1395 625 1442 sunt
637 1384 767 1461 permulti
782 1385 811 1440 in
823 1395 927 1442 utram·

139 1480 194 1533 que
208 1474 332 1539 partem:
354 1463 405 1520 sed
418 1463 559 1520 brevitatis
574 1482 673 1520 caussa
686 1462 792 1520 samilia
801 1465 927 1521 contenti

138 1541 243 1598 erimus
257 1562 322 1601 una.
363 1542 412 1599 Ti.
428 1543 504 1598 enim
519 1542 693 1615 Gracchus,‡
704 1541 738 1599 P.
757 1541 790 1598 F.
806 1542 927 1600 tamdiu

139 1619 304 1690 laudabitur,
338 1619 405 1679 dum
439 1621 576 1678 memoria
609 1639 699 1678 rerum
734 1618 925 1677 Romanarum

139 1702 271 1758 manebit.
312 1701 351 1758 At
376 1701 438 1776 ejus
465 1699 543 1772 filii,§
572 1717 625 1756 nec
648 1699 703 1754 vivi
738 1697 927 1770 probabantur

139 1778 232 1848 bonis,
246 1791 275 1838 et
287 1779 388 1837 mortui
404 1797 550 1836 numerum
564 1777 690 1834 obtinent
697 1773 760 1848 jure
775 1790 926 1834 caesomm.

169 1922 184 1952 'l
201 1919 304 1970 Ratione
315 1929 357 1970 est.
389 1921 426 1968 Aa
441 1935 486 1968 our
503 1919 649 1968 endeavours
666 1921 692 1964 to
707 1914 813 1978 improve
824 1931 869 1964 our
881 1919 928 1967 for.

137 1991 208 2033 tunes
225 2001 266 2034 are
281 1993 324 2035 not
339 1985 456 2049 designed
471 1983 570 2046 merely,
582 1982 634 2029 that
649 1980 690 2028 the
706 1996 795 2044 money
811 1983 926 2044 required

137 2047 224 2097 should
240 2051 269 2098 be
285 2051 398 2108 hoarded,
409 2066 436 2097 so
452 2064 496 2096 our
511 2048 659 2095 endeavours
675 2052 700 2094 to
711 2045 825 2095 establish
837 2063 852 2094 a
863 2050 926 2112 good

138 2115 273 2174 reputation
282 2115 368 2164 should
379 2121 428 2172 not,
437 2112 461 2160 if
466 2129 503 2162 we
512 2127 553 2160 are
562 2111 702 2170 suceesslbl,
710 2110 778 2159 there
789 2112 925 2162 terminate.

137 2179 185 2226 We
196 2179 282 2227 should
299 2180 361 2230 evall
376 2178 496 2228 ourselves
507 2177 567 2225 with
581 2176 713 2241 judgment
722 2176 753 2225 of
764 2177 817 2226 that
831 2185 924 2242 reputa·

137 2243 196 2302 tion,
204 2249 230 2292 to
240 2244 317 2292 attein
328 2244 396 2293 other
406 2242 515 2292 valuable
526 2243 623 2292 ob'ects.

170 2309 183 2362 †
194 2307 317 2358 Praeclare
324 2309 441 2358 Socrates.
470 2259 611 2369 Xenophon.
621 2306 755 2356 Memorab.
763 2306 804 2355 lib.
812 2306 837 2356 ii.
846 2309 925 2358 ’λλλὸ

109 2419 111 2427 ,
139 2374 317 2435 συντομωτάτη
334 2393 362 2424 τι
379 2371 422 2423 aral
439 2373 616 2437 ἅτφιιλιστάτλ
634 2371 673 2422 aral
688 2370 813 2423 καλλίστη
837 2370 892 2434 lete,
909 2377 924 2421 d

141 2441 292 2510 Κριτόβουλε,
310 2439 320 2487 ὃ
336 2459 362 2491 τι
379 2443 405 2490 dv
421 2436 495 2506 βούλῃ
516 2438 591 2490 torsit
608 2438 695 2504 ἀγαθὰς
713 2433 779 2498 ιῒναιι,
792 2438 864 2488 τοῦτο
881 2437 924 2489 ul

138 2509 275 2576 yrrlolrud
294 2508 349 2558 atu
361 2507 492 2574 aepactae.

171 2574 254 2630 tuto.
304 2573 399 2623 orchea.
431 2570 628 2622 Whohedbeen
639 2571 710 2620 twice
719 2570 924 2629 consul,A.U.C.

139 2643 187 2692 576
198 2642 246 2690 and
256 2641 318 2696 590;
333 2640 382 2688 hed
397 2637 469 2688 twice
480 2637 628 2694 triumphem
645 2638 692 2686 and
703 2636 751 2684 had
761 2637 821 2684 been
833 2651 923 2685 censor.

171 2705 271 2766 §Fuit
303 2705 436 2771 Engeging
458 2704 483 2753 in
506 2702 546 2751 the
569 2703 624 2751 civil
644 2701 791 2750 dissensione
813 2700 843 2749 ol'
864 2701 923 2750 their

139 2779 250 2835 country,
262 2772 288 2819 in
299 2771 433 2835 opposition
445 2776 469 2818 to
480 2769 521 2818 the
532 2776 622 2826 senate,
634 2768 693 2816 caclr
704 2767 734 2815 of
739 2767 806 2815 these
818 2766 923 2815 brothers

138 2851 190 2882 was
205 2837 375 2896 assassinated‚
386 2845 411 2885 at
427 2836 467 2884 the
483 2835 584 2883 interval
594 2834 624 2882 of
636 2833 665 2881 13
681 2848 760 2896 years.
791 2833 815 2879 A
831 2831 923 2880 French

145 2899 321 2960 lcademioiarr,
333 2902 368 2952 M.
381 2903 420 2951 Du
433 2900 497 2959 Bois,
508 2900 534 2948 in
551 2917 565 2949 n
581 2905 637 2949 note
652 2898 733 2948 which
747 2896 779 2945 he
796 2896 839 2944 hos
855 2896 924 2961 given
