1970 3272
150 197 205 251 tea
348 159 353 174 ’
432 194 480 241 uu
498 193 651 242 ormena.

147 349 191 396 est
210 339 272 414 ejus
293 336 341 407 qui
361 335 516 392 calamitate
537 337 681 411 premitur,
696 345 725 394 et
745 337 807 413 ejus
829 339 941 412 quires

146 416 277 474 meliores
292 414 416 485 querit*
428 413 512 470 nullis
527 415 586 470 suis
597 415 680 471 rebus
692 414 828 473 adversis.
870 417 941 474 Pro·

146 494 261 570 pensior
285 491 447 567 benignitas
467 510 531 549 esse
556 491 667 550 debebit
691 493 724 550 in·
746 493 939 561 calamitosos,

145 572 201 629 nisi
223 570 292 627 forte
314 579 395 626 erunt
416 568 494 646 digni
516 571 680 628 calamitate.
721 571 755 628 In
774 572 810 629 iis
831 581 938 640 tamen.

145 649 194 720 qui
223 666 254 705 se
282 647 409 724 adjuvari
433 649 537 715 volent,
563 667 620 706 non
645 659 676 706 ut
703 667 738 706 ne
766 649 937 726 affligantur,

144 725 197 783 sed
229 735 260 784 ut
298 727 423 784 altiorem
456 726 572 803 gradum
606 726 785 795 adscendent,
814 729 937 785 restricti

143 802 345 862 omnino'esse
367 805 445 862 nullo
467 804 566 866 modol
587 804 739 871 debemus3
764 806 815 863 sed
838 806 874 862 in-
889 805 937 862 de·

142 881 262 957 ligandis
285 882 393 940 idoneis
411 881 551 958 judicium
565 893 593 941 et
606 883 778 960 diligentiam
791 884 937 942 adhibere.

144 959 219 1018 Nam
234 961 365 1036 praeclare
378 960 508 1018 Ennius:

213 1087 364 1147 Beuelaota
377 1067 450 1147 niele
464 1088 565 1158 locata,
580 1076 726 1148 malefacta
737 1089 864 1148 arbitror.

181 1229 265 1299 Quod
278 1239 370 1289 autem
385 1231 518 1290 tributum
532 1241 576 1289 est
594 1233 669 1290 bono
683 1232 743 1291 viro
757 1240 786 1289 et
798 1240 888 1308 grato,
903 1233 934 1290 in

141 1331 176 1369 eo
187 1330 252 1368 eum
267 1328 303 1366 ex
317 1311 380 1386 ipro
394 1309 499 1374 fruetus
521 1319 573 1378 est,
589 1319 649 1367 tum
670 1311 754 1367 etiam
767 1328 804 1368 ex
818 1311 931 1368 ceteris.

141 1385 311 1448 Temeritate
320 1387 397 1446 enim
405 1391 538 1462 remota,‡
545 1389 704 1464 gratissima
712 1388 932 1446 estliberalitas:

141 1487 232 1541 eoque
266 1485 328 1526 eam
362 1465 515 1524 studiosius
548 1465 674 1542 plerique
705 1466 829 1533 laudant,
854 1465 932 1539 quod

140 1546 245 1606 summi
267 1545 404 1622 cujusque
423 1545 532 1602 bonitas
547 1563 698 1602 commune
712 1544 872 1621 perfugium
886 1555 931 1603 est

140 1627 277 1684 omnium.
318 1623 419 1681 Danda
432 1623 516 1700 igitur
529 1643 614 1700 opera
628 1634 680 1691 est,
691 1635 722 1680 ut
735 1623 770 1680 iis
782 1623 931 1680 benefieiis

139 1723 223 1778 quarn
234 1703 370 1778 plurimos
382 1701 546 1769 afficiamus,
556 1720 674 1774 quorum
686 1700 822 1759 memoria
832 1701 930 1760 liberis

138 1783 315 1858 posterisque
342 1779 483 1856 prodatur,
506 1789 537 1836 ut
564 1781 599 1837 iis
624 1780 755 1856 ingratis§
780 1797 846 1837 esse
870 1799 929 1838 uon

138 1962 235 2018 present
243 1961 316 2004 troam
327 1953 357 2002 of
367 1953 495 2016 liberality.
527 1953 609 2002 Astlte
618 1956 716 2002 motivas
721 1954 765 2018 sor
773 1953 811 2002 tlte
819 1957 928 2005 exereise

137 2013 167 2080 os
172 2016 309 2067 tht'roa‘rtoe
320 2033 386 2080 vary,
398 2032 428 2066 oo
439 2017 550 2079 different
566 2019 696 2080 occasions,
706 2020 726 2068 tt
737 2018 825 2068 should
836 2036 926 2086 appear

136 2081 190 2130 ino
202 2081 312 2142 different
322 2097 430 2130 manner.
823 2125 826 2136 .

168 2149 183 2180 ⁸
199 2145 249 2194 Res
258 2147 367 2195 meliores
378 2147 470 2208 quern
502 2145 574 2195 Seeler
586 2153 609 2196 to
619 2147 724 2212 improre
735 2148 773 2197 bie
784 2149 914 2200 conditiore

167 2211 301 2264 tOmaiao
317 2226 368 2259 esee
384 2209 451 2259 nollo
466 2211 540 2260 modo.
574 2211 604 2261 In
621 2228 697 2288 menp
709 2213 781 2262 MSS.
791 2216 841 2263 end
857 2216 925 2280 early

136 2275 245 2334 editions,
256 2277 351 2324 omnino
362 2275 419 2323 does
430 2282 473 2324 not
483 2293 578 2338 appear.
611 2275 743 2327 Foeeroleti
754 2278 845 2329 inserts
855 2280 882 2328 in
893 2280 926 2330 its

134 2342 203 2405 place
218 2341 305 2388 animo.
337 2339 400 2388 This
416 2339 440 2387 J.
452 2339 479 2388 F.
490 2341 631 2406 Heusinger
647 2342 730 2392 thinks
747 2359 815 2392 more
831 2352 925 2394 remote

134 2407 197 2456 from
217 2405 257 2454 the
276 2411 330 2454 true
347 2404 430 2453 reedin
465 2406 525 2454 than
540 2407 582 2455 the
602 2414 712 2469 present;
731 2409 784 2457 that
798 2409 841 2458 tlte
857 2425 926 2459 error

134 2488 201 2522 more
218 2470 332 2536 probably
343 2469 418 2519 erires
457 2485 497 2518 om
513 2470 554 2520 the
570 2471 657 2536 taking
673 2473 725 2522 into
740 2473 782 2521 the
793 2479 846 2522 text
856 2474 926 2524 nullo

132 2537 208 2596 modo,
219 2553 246 2586 es
262 2553 277 2585 a
292 2537 357 2601 gloss
373 2541 399 2584 to
414 2537 509 2584 maniae
525 2549 573 2584 non
589 2535 713 2596 deberem
730 2539 778 2587 and
796 2539 851 2588 thet
868 2539 925 2588 itis

132 2601 196 2651 safer
207 2609 232 2651 to
242 2602 308 2650 leave
318 2600 359 2650 the
370 2599 448 2649 whole
459 2600 623 2648 undisturbed.

145 2709 147 2712 .
165 2665 175 2718 l
196 2666 337 2716 Teneritote
346 2667 409 2714 enim
417 2671 514 2714 remota.
545 2664 730 2728 Wbeosavotera
741 2679 784 2716 are
795 2668 926 2732 conferrent

132 2729 190 2777 unt
201 2731 403 2781 discrimimtion.

163 2792 177 2850 b
198 2796 229 2843 Ut
238 2798 271 2844 iis
280 2797 393 2861 ingratis.
421 2793 532 2844 “Decem
542 2789 606 2841 illud
613 2796 778 2858 grammatici,
789 2795 832 2845 ltoe
840 2813 928 2862 genoe

131 2861 247 2908 temonis
258 2861 382 2923 injurtam
393 2859 480 2926 efferri·
513 2857 570 2910 Non
586 2857 643 2908 licet
653 2874 707 2908 esse
717 2859 830 2924 ingratis.
862 2861 926 2914 Non
