1978 3268
289 211 355 261 un.
366 213 414 260 ιιι.
432 197 510 262 cnr.
523 211 593 262 xrx.
782 191 848 271 'neo

61 351 112 412 bic
132 369 190 410 non
211 362 319 421 noceat,
334 351 383 426 qui
404 351 525 426 quodam
547 354 627 426 quasi
647 357 773 413 veneno*
787 374 849 431 per·

61 431 148 498 ficiat,
163 441 194 488 ut
212 449 293 489 veros
314 431 431 489 heredes
452 445 571 500 moveat,
587 434 616 490 in
636 444 734 490 eorum
754 433 848 492 locum

60 510 124 585 ipse
146 508 297 566 succedat?
339 509 406 566 Non
427 509 511 584 igitur
533 511 623 580 faciat,
646 511 749 569 dixerit
773 512 848 583 quis,

61 585 137 660 quod
158 588 225 644 utile
247 589 293 652 sit,
309 585 384 657 quod
404 587 556 661 expediat?
596 589 687 646 lmmo
701 590 847 666 intelligat,

60 665 133 723 nibil
153 683 206 722 neo
226 663 369 738 expedire.
385 681 437 720 nec
451 663 518 719 utile
532 682 605 730 esse,
621 667 699 738 quod
709 669 747 726 sit
760 669 847 744 injus·

60 751 139 800 tum:
162 743 216 800 hoe
236 743 286 813 qui
307 760 365 799 non
387 741 523 808 didicerit,
540 744 628 799 bonus
649 744 692 800 vir
712 763 848 804 essenon

100 821 171 878 terit.

59 839 255 957 plFimbriam
269 898 458 962 consularemi
467 896 612 957 audiebam
622 897 657 957 de
667 908 743 975 patre
752 910 848 960 nostro

58 994 141 1112 fejer,
158 975 282 1052 judicem
304 977 346 1034 Μ.
367 977 478 1036 Lutatm
499 977 620 1036 Pirrthiae
641 977 739 1044 fuisse,
759 980 847 1050 equiti

108 1053 191 1112 mano
202 1073 268 1112 sane
278 1055 407 1123 honesto,
416 1075 481 1115 eum
493 1055 518 1112 is
529 1057 711 1132 sponsionem
724 1055 846 1125 fecisset,

59 1150 93 1190 ru
107 1151 156 1192 vra
169 1147 261 1191 nouos
274 1139 396 1208 assam
417 1137 509 1206 itaque
523 1135 549 1191 ei
562 1135 669 1192 dixisse
681 1134 846 1202 Fimbriam.

60 1228 91 1268 ee
128 1211 203 1269 illam
231 1229 289 1269 rern
317 1230 460 1282 nunquam
490 1211 699 1286 judicaturumr
734 1231 770 1271 ne
799 1223 847 1272 aut

60 1289 194 1364 spoliaret
207 1288 280 1348 fama
293 1291 439 1364 probatum
454 1289 607 1355 hominem,
623 1290 648 1345 si
667 1301 762 1348 contra
771 1291 847 1367 judi·

59 1376 170 1434 censoir
190 1377 237 1422 aut
250 1367 380 1423 statuisse
396 1365 543 1432 videretur,
558 1368 648 1422 virum
664 1367 767 1424 bonum
782 1387 845 1426 esse

58 1443 193 1516 aliquem,
214 1461 279 1499 cum
302 1462 336 1500 ea
358 1462 403 1500 res
428 1443 675 1500 innumerabilibus
697 1444 798 1501 officiis
818 1456 847 1503 et

56 1520 187 1579 laudibus
219 1521 414 1577 contineretur.
457 1520 534 1577 Huic
561 1521 646 1596 igitur
672 1522 732 1578 viro
760 1523 844 1590 bono,

57 1616 144 1671 quem
160 1597 283 1655 Fimbria
297 1598 391 1664 etiam,
405 1616 463 1655 non
478 1597 561 1655 modo
576 1599 705 1654 Socrates
720 1610 844 1666 noverat,

55 1675 230 1736 nullomodo
240 1675 326 1732 videri
338 1685 431 1751 potest
441 1675 593 1747 quidquam
604 1693 667 1732 esse
680 1676 757 1742 utile,
771 1677 846 1748 quod

55 1773 114 1813 non
135 1753 285 1812 honestum
306 1755 352 1811 sit.
393 1753 491 1826 Itaque
513 1753 574 1810 talis
596 1754 639 1810 vir
660 1771 717 1810 nou
743 1755 844 1829 modo§

87 1911 102 1944 ὓ
121 1908 300 1969 Qui-ueneno.
333 1908 371 1958 Ae
381 1909 407 1974 is
414 1907 444 1974 by
454 1923 517 1958 corne
528 1909 609 1974 mugio
620 1915 667 1957 ort.

86 1975 100 2027 †
116 1974 250 2024 Fimbriam
277 1973 434 2022 conobrem.
466 1973 559 2022 Lucius
588 1972 698 2022 Fimbria
719 1988 770 2022 was
797 1973 845 2023 col-

54 2039 141 2154 ἔξω
152 2040 213 2089 with
222 2039 358 2120 CaMarius
371 2039 398 2087 in
413 2039 452 2087 his
467 2039 557 2088 second
569 2038 715 2102 consulship,
727 2040 758 2087 Α.
774 2039 804 2088 U.
816 2039 845 2089 C.

86 2139 369 2234 terrenumve-esset.
403 2154 434 2216 In
445 2167 486 2217 the
498 2181 610 2232 progress
619 2167 649 2216 of
659 2166 779 2218 aRoman
795 2169 845 2220 suit

55 2240 79 2282 ut
94 2233 149 2292 law,
161 2249 193 2282 an
208 2240 371 2298 engagement
387 2249 437 2281 was
454 2233 614 2297 occasionally
633 2234 732 2282 entered
747 2234 806 2294 into,
817 2251 845 2283 or

55 2315 70 2347 a
85 2299 178 2361 deponit
194 2297 223 2346 of
234 2313 323 2362 money
340 2297 410 2346 mede
426 2297 459 2361 by
475 2313 521 2346 one
537 2297 567 2346 of
576 2297 618 2346 the
633 2298 731 2364 litigant
746 2301 846 2361 parties,

55 2363 136 2412 which
158 2362 189 2411 he
212 2364 300 2426 agreed
323 2361 410 2410 should
432 2363 462 2410 be
478 2362 588 2411 forlelted
604 2363 631 2411 in
647 2378 702 2412 cese
718 2363 759 2413 the
775 2363 844 2412 other

55 2435 124 2492 party
140 2427 211 2476 could
226 2426 349 2484 establisb‚
365 2443 393 2475 or
408 2426 439 2474 he
455 2427 558 2476 himself
575 2427 645 2476 could
665 2435 708 2477 not
730 2427 845 2476 establinh

55 2507 121 2542 rome
144 2491 237 2540 certain
253 2492 328 2555 point,
344 2493 377 2555 by
393 2491 468 2554 proof.
500 2493 540 2540 On
556 2491 597 2540 the
613 2499 710 2554 present
725 2491 844 2550 occasion,

55 2556 75 2606 it
84 2555 165 2607 would
176 2571 242 2605 seem
257 2557 312 2605 that
328 2555 433 2614 Piutbia,
442 2557 524 2605 whose
541 2557 665 2606 charamer
682 2555 784 2617 perhaps
795 2555 843 2603 bad

55 2621 115 2672 been
135 2621 274 2686 impugned,
290 2623 323 2685 by
338 2621 379 2669 the
395 2627 470 2669 terme
486 2620 517 2669 of
533 2621 582 2668 this
597 2620 699 2683 spanum,
715 2619 803 2682 agreed
819 2625 844 2668 to

57 2685 135 2736 forfeit
151 2702 166 2734 a
182 2685 274 2734 certain
289 2701 352 2744 sum,
364 2686 390 2732 in
406 2701 462 2733 case
478 2685 498 2733 ir
514 2684 585 2738 could
601 2685 630 2732 be
646 2683 733 2746 proved
749 2682 802 2730 that
812 2679 843 2732 lie

57 2765 107 2800 was
117 2757 161 2800 not
172 2767 187 2798 a
198 2765 256 2798 man
267 2749 296 2797 of
302 2749 426 2814 integrity.

87 2815 171 2875 §Non
182 2813 259 2863 modu.
292 2811 341 2861 For
352 2811 542 2861 uonmudunon.

415 2879 470 2934 2³*
