<?xml version="1.0" encoding="UTF-8"?>
<!DOCTYPE html PUBLIC "-//W3C//DTD XHTML 1.0 Transitional//EN"
    "http://www.w3.org/TR/xhtml1/DTD/xhtml1-transitional.dtd">
<html xmlns="http://www.w3.org/1999/xhtml" xml:lang="en" lang="en">
 <head>
  <title>
</title>
<meta http-equiv="Content-Type" content="text/html;charset=utf-8" />
  <meta name='ocr-system' content='tesseract 3.04.00' />
  <meta name='ocr-capabilities' content='ocr_page ocr_carea ocr_par ocr_line ocrx_word'/>
</head>
<body>
  <div class='ocr_page' id='page_1' title='image "./mtulliiciceroni97cicegoog/mtulliiciceroni97cicegoog_0093.png"; bbox 0 0 1970 3278; ppageno 0'>
   <div class='ocr_carea' id='block_1_1' title="bbox 184 219 691 280">
    <p class='ocr_par' dir='ltr' id='par_1_1' title="bbox 184 219 691 280">
     <span class='ocr_line' id='line_1_1' title="bbox 184 219 691 280; baseline 0 -13"><span class='ocrx_word' id='word_1_1' title='bbox 184 224 224 280; x_wconf 69' lang='lat' dir='ltr'><strong>nn</strong></span> <span class='ocrx_word' id='word_1_2' title='bbox 471 220 520 267; x_wconf 86' lang='lat' dir='ltr'><strong>nn</strong></span> <span class='ocrx_word' id='word_1_3' title='bbox 537 219 691 267; x_wconf 78' lang='lat' dir='ltr'><strong>onelcns.</strong></span> 
     </span>
    </p>
   </div>
   <div class='ocr_carea' id='block_1_2' title="bbox 185 360 983 1060">
    <p class='ocr_par' dir='ltr' id='par_1_2' title="bbox 185 360 983 592">
     <span class='ocr_line' id='line_1_2' title="bbox 185 360 983 439; baseline -0.013 -14"><span class='ocrx_word' id='word_1_4' title='bbox 185 372 290 425; x_wconf 85' lang='lat' dir='ltr'><strong>temere</strong></span> <span class='ocrx_word' id='word_1_5' title='bbox 303 381 369 421; x_wconf 85' lang='lat' dir='ltr'><strong>enm</strong></span> <span class='ocrx_word' id='word_1_6' title='bbox 383 361 581 439; x_wconf 81' lang='lat' dir='ltr'><strong>Epaminonda</strong></span> <span class='ocrx_word' id='word_1_7' title='bbox 594 361 779 427; x_wconf 84' lang='lat' dir='ltr'><strong>conflixisset,</strong></span> <span class='ocrx_word' id='word_1_8' title='bbox 793 360 983 421; x_wconf 77' lang='lat' dir='ltr'><strong>Laoedaem.</strong></span> 
     </span>
     <span class='ocr_line' id='line_1_3' title="bbox 186 439 980 517; baseline -0.003 -15"><span class='ocrx_word' id='word_1_9' title='bbox 186 445 295 502; x_wconf 82' lang='lat' dir='ltr'><strong>niomm</strong></span> <span class='ocrx_word' id='word_1_10' title='bbox 321 459 390 517; x_wconf 89' lang='lat' dir='ltr'><strong>opes</strong></span> <span class='ocrx_word' id='word_1_11' title='bbox 412 451 583 498; x_wconf 83' lang='lat' dir='ltr'><strong>corruerunt.</strong></span> <span class='ocrx_word' id='word_1_12' title='bbox 625 441 736 506; x_wconf 84' lang='lat' dir='ltr'><strong>Quanto</strong></span> <span class='ocrx_word' id='word_1_13' title='bbox 761 439 799 506; x_wconf 82' lang='lat' dir='ltr'><strong>Q.</strong></span> <span class='ocrx_word' id='word_1_14' title='bbox 829 441 980 500; x_wconf 84' lang='lat' dir='ltr'><strong>Maximo</strong></span> 
     </span>
     <span class='ocr_line' id='line_1_4' title="bbox 185 519 574 592; baseline -0.01 -12"><span class='ocrx_word' id='word_1_15' title='bbox 185 520 307 581; x_wconf 77' lang='lat' dir='ltr'><strong>melius?</strong></span> <span class='ocrx_word' id='word_1_16' title='bbox 328 519 363 576; x_wconf 92' lang='lat' dir='ltr'><strong>de</strong></span> <span class='ocrx_word' id='word_1_17' title='bbox 377 538 433 592; x_wconf 93' lang='lat' dir='ltr'><strong>quo</strong></span> <span class='ocrx_word' id='word_1_18' title='bbox 447 520 574 576; x_wconf 86' lang='lat' dir='ltr'><strong>Ennius:</strong></span> 
     </span>
    </p>

    <p class='ocr_par' dir='ltr' id='par_1_3' title="bbox 225 596 907 657">
     <span class='ocr_line' id='line_1_5' title="bbox 225 596 907 657; baseline 0 -1"><span class='ocrx_word' id='word_1_19' title='bbox 225 599 307 657; x_wconf 89' lang='lat' dir='ltr'><strong>Unus</strong></span> <span class='ocrx_word' id='word_1_20' title='bbox 322 599 408 656; x_wconf 89' lang='lat' dir='ltr'><strong>homo</strong></span> <span class='ocrx_word' id='word_1_21' title='bbox 422 599 503 655; x_wconf 88' lang='lat' dir='ltr'><strong>nobis</strong></span> <span class='ocrx_word' id='word_1_22' title='bbox 518 596 673 655; x_wconf 84' lang='lat' dir='ltr'><strong>cunctando</strong></span> <span class='ocrx_word' id='word_1_23' title='bbox 686 597 810 655; x_wconf 81' lang='lat' dir='ltr'>restituit</span> <span class='ocrx_word' id='word_1_24' title='bbox 824 616 907 656; x_wconf 89' lang='lat' dir='ltr'><strong>rem.</strong></span> 
     </span>
    </p>

    <p class='ocr_par' dir='ltr' id='par_1_4' title="bbox 227 675 963 754">
     <span class='ocr_line' id='line_1_6' title="bbox 227 675 963 754; baseline -0.001 -19"><span class='ocrx_word' id='word_1_25' title='bbox 227 675 296 735; x_wconf 89' lang='lat' dir='ltr'><strong>Non</strong></span> <span class='ocrx_word' id='word_1_26' title='bbox 309 677 431 754; x_wconf 85' lang='lat' dir='ltr'><strong>ponebat</strong></span> <span class='ocrx_word' id='word_1_27' title='bbox 444 678 520 735; x_wconf 88' lang='lat' dir='ltr'><strong>enim</strong></span> <span class='ocrx_word' id='word_1_28' title='bbox 534 694 661 733; x_wconf 86' lang='lat' dir='ltr'><strong>rumores</strong></span> <span class='ocrx_word' id='word_1_29' title='bbox 676 685 739 732; x_wconf 85' lang='lat' dir='ltr'><strong>ante</strong></span> <span class='ocrx_word' id='word_1_30' title='bbox 754 676 919 734; x_wconf 63' lang='lat' dir='ltr'><strong>salutem*</strong></span> <span class='ocrx_word' id='word_1_31' title='bbox 959 686 963 694; x_wconf 88' lang='lat'>&#39;</span> 
     </span>
    </p>

    <p class='ocr_par' dir='ltr' id='par_1_5' title="bbox 186 753 981 1060">
     <span class='ocr_line' id='line_1_7' title="bbox 226 753 981 833; baseline -0.003 -21"><span class='ocrx_word' id='word_1_32' title='bbox 226 753 304 833; x_wconf 79' lang='lat' dir='ltr'><strong>Ergo</strong></span> <span class='ocrx_word' id='word_1_33' title='bbox 318 765 447 832; x_wconf 86' lang='lat' dir='ltr'><strong>postque,</strong></span> <span class='ocrx_word' id='word_1_34' title='bbox 463 755 617 830; x_wconf 83' lang='lat' dir='ltr'><strong>magisque,</strong></span> <span class='ocrx_word' id='word_1_35' title='bbox 632 754 684 810; x_wconf 87' lang='lat' dir='ltr'><strong>viri</strong></span> <span class='ocrx_word' id='word_1_36' title='bbox 694 771 769 811; x_wconf 87' lang='lat' dir='ltr'><strong>nune</strong></span> <span class='ocrx_word' id='word_1_37' title='bbox 781 754 879 830; x_wconf 83' lang='lat' dir='ltr'><strong>gloria</strong></span> <span class='ocrx_word' id='word_1_38' title='bbox 889 757 981 814; x_wconf 82' lang='lat' dir='ltr'><strong>claret.</strong></span> 
     </span>
     <span class='ocr_line' id='line_1_8' title="bbox 187 832 980 910; baseline -0.001 -21"><span class='ocrx_word' id='word_1_39' title='bbox 187 832 272 899; x_wconf 83' lang='lat' dir='ltr'><strong>Quod</strong></span> <span class='ocrx_word' id='word_1_40' title='bbox 285 849 375 910; x_wconf 84' lang='lat' dir='ltr'><strong>genus</strong></span> <span class='ocrx_word' id='word_1_41' title='bbox 387 833 521 910; x_wconf 81' lang='lat' dir='ltr'><strong>peccandi</strong></span> <span class='ocrx_word' id='word_1_42' title='bbox 535 832 676 890; x_wconf 88' lang='lat' dir='ltr'><strong>vitandum</strong></span> <span class='ocrx_word' id='word_1_43' title='bbox 692 842 736 890; x_wconf 87' lang='lat' dir='ltr'><strong>est</strong></span> <span class='ocrx_word' id='word_1_44' title='bbox 749 834 837 890; x_wconf 86' lang='lat' dir='ltr'><strong>etiam</strong></span> <span class='ocrx_word' id='word_1_45' title='bbox 851 834 885 891; x_wconf 91' lang='lat' dir='ltr'><strong>in</strong></span> <span class='ocrx_word' id='word_1_46' title='bbox 901 837 980 892; x_wconf 89' lang='lat' dir='ltr'><strong>rebus</strong></span> 
     </span>
     <span class='ocr_line' id='line_1_9' title="bbox 186 910 978 987; baseline 0.001 -18"><span class='ocrx_word' id='word_1_47' title='bbox 186 911 309 969; x_wconf 83' lang='lat' dir='ltr'><strong>urbanis.</strong></span> <span class='ocrx_word' id='word_1_48' title='bbox 332 912 404 969; x_wconf 84' lang='lat' dir='ltr'><strong>Sunt</strong></span> <span class='ocrx_word' id='word_1_49' title='bbox 412 912 497 978; x_wconf 91' lang='lat' dir='ltr'><strong>enim,</strong></span> <span class='ocrx_word' id='word_1_50' title='bbox 508 912 566 984; x_wconf 91' lang='lat' dir='ltr'><strong>qui,</strong></span> <span class='ocrx_word' id='word_1_51' title='bbox 574 910 649 983; x_wconf 91' lang='lat' dir='ltr'><strong>quod</strong></span> <span class='ocrx_word' id='word_1_52' title='bbox 658 911 791 978; x_wconf 89' lang='lat' dir='ltr'><strong>sentiunt,</strong></span> <span class='ocrx_word' id='word_1_53' title='bbox 799 913 927 970; x_wconf 82' lang='lat' dir='ltr'><strong>etiamsi</strong></span> <span class='ocrx_word' id='word_1_54' title='bbox 936 931 978 987; x_wconf 90' lang='lat' dir='ltr'><strong>op</strong></span> 
     </span>
     <span class='ocr_line' id='line_1_10' title="bbox 186 988 976 1060; baseline -0.001 -13"><span class='ocrx_word' id='word_1_55' title='bbox 186 990 287 1049; x_wconf 86' lang='lat' dir='ltr'><strong>timum</strong></span> <span class='ocrx_word' id='word_1_56' title='bbox 298 991 344 1060; x_wconf 89' lang='lat' dir='ltr'><strong>sit,</strong></span> <span class='ocrx_word' id='word_1_57' title='bbox 359 999 452 1049; x_wconf 84' lang='lat' dir='ltr'><strong>tamen</strong></span> <span class='ocrx_word' id='word_1_58' title='bbox 463 988 575 1048; x_wconf 77' lang='lat' dir='ltr'><strong>invidie</strong></span> <span class='ocrx_word' id='word_1_59' title='bbox 587 999 663 1048; x_wconf 85' lang='lat' dir='ltr'><strong>metu</strong></span> <span class='ocrx_word' id='word_1_60' title='bbox 675 1008 732 1048; x_wconf 92' lang='lat' dir='ltr'><strong>non</strong></span> <span class='ocrx_word' id='word_1_61' title='bbox 744 989 865 1054; x_wconf 85' lang='lat' dir='ltr'><strong>audent†</strong></span> <span class='ocrx_word' id='word_1_62' title='bbox 878 992 976 1050; x_wconf 84' lang='lat' dir='ltr'><strong>dioere.</strong></span> 
     </span>
    </p>
   </div>
   <div class='ocr_carea' id='block_1_3' title="bbox 180 1227 973 2964">
    <p class='ocr_par' dir='ltr' id='par_1_6' title="bbox 184 1227 973 1418">
     <span class='ocr_line' id='line_1_11' title="bbox 217 1227 973 1295; baseline 0.003 -15"><span class='ocrx_word' id='word_1_63' title='bbox 217 1234 232 1265; x_wconf 69' lang='lat'>⁸</span> <span class='ocrx_word' id='word_1_64' title='bbox 244 1229 358 1280; x_wconf 72' lang='lat' dir='ltr'><strong>Salutem.</strong></span> <span class='ocrx_word' id='word_1_65' title='bbox 390 1230 488 1280; x_wconf 84' lang='lat' dir='ltr'><strong>Tathis</strong></span> <span class='ocrx_word' id='word_1_66' title='bbox 499 1245 601 1295; x_wconf 67' lang='lat' dir='ltr'><strong>pusage</strong></span> <span class='ocrx_word' id='word_1_67' title='bbox 616 1227 680 1294; x_wconf 82' lang='lat' dir='ltr'><strong>Livy</strong></span> <span class='ocrx_word' id='word_1_68' title='bbox 691 1230 742 1278; x_wconf 85' lang='lat' dir='ltr'><strong>nlso</strong></span> <span class='ocrx_word' id='word_1_69' title='bbox 753 1229 857 1290; x_wconf 83' lang='lat' dir='ltr'><strong>alludes,</strong></span> <span class='ocrx_word' id='word_1_70' title='bbox 868 1232 913 1281; x_wconf 72' lang='lat' dir='ltr'><strong>lin</strong></span> <span class='ocrx_word' id='word_1_71' title='bbox 925 1248 973 1281; x_wconf 81' lang='lat' dir='ltr'>m</span> 
     </span>
     <span class='ocr_line' id='line_1_12' title="bbox 184 1295 972 1359; baseline 0 -15"><span class='ocrx_word' id='word_1_72' title='bbox 184 1295 223 1345; x_wconf 76' lang='lat'><strong>26.</strong></span> <span class='ocrx_word' id='word_1_73' title='bbox 239 1297 330 1346; x_wconf 87' lang='lat' dir='ltr'><strong>“Nihil</strong></span> <span class='ocrx_word' id='word_1_74' title='bbox 341 1296 429 1345; x_wconf 83' lang='lat' dir='ltr'><strong>certius</strong></span> <span class='ocrx_word' id='word_1_75' title='bbox 440 1312 513 1359; x_wconf 83' lang='lat' dir='ltr'><strong>quarn</strong></span> <span class='ocrx_word' id='word_1_76' title='bbox 528 1312 606 1344; x_wconf 86' lang='lat' dir='ltr'><strong>unum</strong></span> <span class='ocrx_word' id='word_1_77' title='bbox 621 1295 745 1344; x_wconf 86' lang='lat' dir='ltr'><strong>hominem</strong></span> <span class='ocrx_word' id='word_1_78' title='bbox 756 1296 828 1345; x_wconf 90' lang='lat' dir='ltr'><strong>nobis</strong></span> <span class='ocrx_word' id='word_1_79' title='bbox 841 1300 972 1348; x_wconf 75' lang='lat' dir='ltr'><strong>cunctando</strong></span> 
     </span>
     <span class='ocr_line' id='line_1_13' title="bbox 184 1360 704 1418; baseline -0.004 -8"><span class='ocrx_word' id='word_1_80' title='bbox 184 1376 237 1410; x_wconf 79' lang='lat' dir='ltr'><strong>rem</strong></span> <span class='ocrx_word' id='word_1_81' title='bbox 248 1360 388 1418; x_wconf 71' lang='lat' dir='ltr'>restituisse,</span> <span class='ocrx_word' id='word_1_82' title='bbox 399 1360 463 1408; x_wconf 88' lang='lat' dir='ltr'><strong>siout</strong></span> <span class='ocrx_word' id='word_1_83' title='bbox 474 1360 570 1409; x_wconf 87' lang='lat' dir='ltr'><strong>Ennius</strong></span> <span class='ocrx_word' id='word_1_84' title='bbox 581 1361 638 1408; x_wconf 80' lang='lat' dir='ltr'><strong>ait.”</strong></span> <span class='ocrx_word' id='word_1_85' title='bbox 700 1377 704 1382; x_wconf 92' lang='lat'>·</span> 
     </span>
    </p>

    <p class='ocr_par' dir='ltr' id='par_1_7' title="bbox 180 1424 971 2466">
     <span class='ocr_line' id='line_1_14' title="bbox 218 1424 971 1486; baseline -0.003 -9"><span class='ocrx_word' id='word_1_86' title='bbox 218 1426 297 1478; x_wconf 81' lang='lat' dir='ltr'><strong>†Non</strong></span> <span class='ocrx_word' id='word_1_87' title='bbox 307 1425 404 1474; x_wconf 70' lang='lat' dir='ltr'><strong>eodm.</strong></span> <span class='ocrx_word' id='word_1_88' title='bbox 437 1424 468 1473; x_wconf 88' lang='lat' dir='ltr'><strong>ln</strong></span> <span class='ocrx_word' id='word_1_89' title='bbox 485 1426 526 1473; x_wconf 88' lang='lat' dir='ltr'><strong>the</strong></span> <span class='ocrx_word' id='word_1_90' title='bbox 546 1432 644 1486; x_wconf 85' lang='lat' dir='ltr'>present</span> <span class='ocrx_word' id='word_1_91' title='bbox 663 1425 780 1483; x_wconf 79' lang='lat' dir='ltr'><strong>intstanoe‚</strong></span> <span class='ocrx_word' id='word_1_92' title='bbox 796 1427 847 1474; x_wconf 84' lang='lat' dir='ltr'><strong>end</strong></span> <span class='ocrx_word' id='word_1_93' title='bbox 859 1428 888 1475; x_wconf 90' lang='lat' dir='ltr'><strong>in</strong></span> <span class='ocrx_word' id='word_1_94' title='bbox 900 1429 971 1477; x_wconf 79' lang='lat' dir='ltr'><strong>others</strong></span> 
     </span>
     <span class='ocr_line' id='line_1_15' title="bbox 185 1489 970 1553; baseline 0.003 -13"><span class='ocrx_word' id='word_1_95' title='bbox 185 1489 285 1551; x_wconf 80' lang='lat' dir='ltr'><strong>similar,</strong></span> <span class='ocrx_word' id='word_1_96' title='bbox 292 1490 373 1540; x_wconf 84' lang='lat' dir='ltr'><strong>where</strong></span> <span class='ocrx_word' id='word_1_97' title='bbox 384 1495 441 1538; x_wconf 78' lang='lat' dir='ltr'><strong>aunt</strong></span> <span class='ocrx_word' id='word_1_98' title='bbox 452 1490 493 1553; x_wconf 81' lang='lat' dir='ltr'><strong>pai</strong></span> <span class='ocrx_word' id='word_1_99' title='bbox 505 1489 526 1551; x_wconf 88' lang='lat' dir='ltr'><strong>is</strong></span> <span class='ocrx_word' id='word_1_100' title='bbox 537 1489 647 1538; x_wconf 77' lang='lat' dir='ltr'><strong>followed</strong></span> <span class='ocrx_word' id='word_1_101' title='bbox 658 1491 691 1553; x_wconf 86' lang='lat' dir='ltr'><strong>by</strong></span> <span class='ocrx_word' id='word_1_102' title='bbox 702 1507 717 1538; x_wconf 90' lang='lat' dir='ltr'><strong>a</strong></span> <span class='ocrx_word' id='word_1_103' title='bbox 728 1492 787 1539; x_wconf 85' lang='lat' dir='ltr'>verb</span> <span class='ocrx_word' id='word_1_104' title='bbox 795 1490 822 1538; x_wconf 88' lang='lat' dir='ltr'><strong>in</strong></span> <span class='ocrx_word' id='word_1_105' title='bbox 834 1493 877 1540; x_wconf 87' lang='lat' dir='ltr'><strong>the</strong></span> <span class='ocrx_word' id='word_1_106' title='bbox 888 1493 970 1541; x_wconf 85' lang='lat' dir='ltr'><strong>indica·</strong></span> 
     </span>
     <span class='ocr_line' id='line_1_16' title="bbox 185 1555 969 1633; baseline -0.001 -26"><span class='ocrx_word' id='word_1_107' title='bbox 185 1556 240 1633; x_wconf 75' lang='lat' dir='ltr'><strong>tite,</strong></span> <span class='ocrx_word' id='word_1_108' title='bbox 252 1556 349 1606; x_wconf 86' lang='lat' dir='ltr'><strong>Ernesti</strong></span> <span class='ocrx_word' id='word_1_109' title='bbox 360 1555 404 1604; x_wconf 89' lang='lat' dir='ltr'><strong>has</strong></span> <span class='ocrx_word' id='word_1_110' title='bbox 416 1555 506 1631; x_wconf 67' lang='lat' dir='ltr'><strong>altened</strong></span> <span class='ocrx_word' id='word_1_111' title='bbox 517 1555 536 1603; x_wconf 90' lang='lat' dir='ltr'><strong>it</strong></span> <span class='ocrx_word' id='word_1_112' title='bbox 547 1555 598 1602; x_wconf 92' lang='lat' dir='ltr'><strong>into</strong></span> <span class='ocrx_word' id='word_1_113' title='bbox 609 1555 649 1603; x_wconf 87' lang='lat' dir='ltr'><strong>the</strong></span> <span class='ocrx_word' id='word_1_114' title='bbox 658 1555 818 1630; x_wconf 81' lang='lat' dir='ltr'><strong>subjunctive.</strong></span> <span class='ocrx_word' id='word_1_115' title='bbox 842 1557 866 1605; x_wconf 88' lang='lat' dir='ltr'><strong>J.</strong></span> <span class='ocrx_word' id='word_1_116' title='bbox 876 1557 906 1605; x_wconf 88' lang='lat' dir='ltr'><strong>F.</strong></span> <span class='ocrx_word' id='word_1_117' title='bbox 914 1560 969 1606; x_wconf 83' lang='lat' dir='ltr'><strong>Heu·</strong></span> 
     </span>
     <span class='ocr_line' id='line_1_17' title="bbox 185 1619 969 1748; baseline -0.003 -10"><span class='ocrx_word' id='word_1_118' title='bbox 185 1619 682 1747; x_wconf 47' lang='lat' dir='ltr'><strong>distillttttlt,lttlttt</strong></span> <span class='ocrx_word' id='word_1_119' title='bbox 688 1621 969 1748; x_wconf 61' lang='lat' dir='ltr'><strong>le‘tltolttlltll</strong></span> 
     </span>
     <span class='ocr_line' id='line_1_18' title="bbox 180 1750 968 1816; baseline 0.001 -18"><span class='ocrx_word' id='word_1_120' title='bbox 180 1755 284 1802; x_wconf 64' lang='lat' dir='ltr'><strong>,tenonis</strong></span> <span class='ocrx_word' id='word_1_121' title='bbox 296 1754 381 1816; x_wconf 85' lang='lat' dir='ltr'><strong>simple</strong></span> <span class='ocrx_word' id='word_1_122' title='bbox 393 1753 440 1802; x_wconf 81' lang='lat' dir='ltr'><strong>and</strong></span> <span class='ocrx_word' id='word_1_123' title='bbox 451 1752 565 1809; x_wconf 86' lang='lat' dir='ltr'><strong>obsolute,</strong></span> <span class='ocrx_word' id='word_1_124' title='bbox 576 1751 678 1799; x_wconf 80' lang='lat' dir='ltr'><strong>without</strong></span> <span class='ocrx_word' id='word_1_125' title='bbox 689 1750 763 1798; x_wconf 89' lang='lat' dir='ltr'>doubt</span> <span class='ocrx_word' id='word_1_126' title='bbox 773 1766 801 1799; x_wconf 87' lang='lat' dir='ltr'><strong>or</strong></span> <span class='ocrx_word' id='word_1_127' title='bbox 819 1768 925 1811; x_wconf 81' lang='lat' dir='ltr'><strong>reservo,</strong></span> <span class='ocrx_word' id='word_1_128' title='bbox 936 1754 968 1801; x_wconf 86' lang='lat' dir='ltr'><strong>tbe</strong></span> 
     </span>
     <span class='ocr_line' id='line_1_19' title="bbox 185 1813 967 1880; baseline 0.003 -15"><span class='ocrx_word' id='word_1_129' title='bbox 185 1817 314 1867; x_wconf 81' lang='lat' dir='ltr'><strong>indicative</strong></span> <span class='ocrx_word' id='word_1_130' title='bbox 331 1819 353 1866; x_wconf 92' lang='lat' dir='ltr'><strong>is</strong></span> <span class='ocrx_word' id='word_1_131' title='bbox 373 1817 466 1880; x_wconf 87' lang='lat' dir='ltr'><strong>properl</strong></span> <span class='ocrx_word' id='word_1_132' title='bbox 503 1816 636 1878; x_wconf 88' lang='lat' dir='ltr'><strong>employed.</strong></span> <span class='ocrx_word' id='word_1_133' title='bbox 669 1813 699 1862; x_wconf 91' lang='lat' dir='ltr'><strong>In</strong></span> <span class='ocrx_word' id='word_1_134' title='bbox 719 1816 759 1862; x_wconf 91' lang='lat' dir='ltr'><strong>the</strong></span> <span class='ocrx_word' id='word_1_135' title='bbox 780 1825 880 1878; x_wconf 84' lang='lat' dir='ltr'><strong>present</strong></span> <span class='ocrx_word' id='word_1_136' title='bbox 901 1819 967 1874; x_wconf 84' lang='lat' dir='ltr'><strong>Book,</strong></span> 
     </span>
     <span class='ocr_line' id='line_1_20' title="bbox 186 1879 966 1944; baseline 0.003 -15"><span class='ocrx_word' id='word_1_137' title='bbox 186 1881 254 1943; x_wconf 82' lang='lat' dir='ltr'><strong>chop.</strong></span> <span class='ocrx_word' id='word_1_138' title='bbox 274 1897 331 1929; x_wconf 79' lang='lat' dir='ltr'>xxx.</span> <span class='ocrx_word' id='word_1_139' title='bbox 351 1898 450 1930; x_wconf 23' lang='lat' dir='ltr'><strong>occurs,</strong></span> <span class='ocrx_word' id='word_1_140' title='bbox 483 1896 496 1927; x_wconf 92' lang='lat' dir='ltr'><strong>e</strong></span> <span class='ocrx_word' id='word_1_141' title='bbox 515 1879 640 1944; x_wconf 83' lang='lat' dir='ltr'><strong>following</strong></span> <span class='ocrx_word' id='word_1_142' title='bbox 655 1896 767 1944; x_wconf 79' lang='lat' dir='ltr'><strong>passage:</strong></span> <span class='ocrx_word' id='word_1_143' title='bbox 784 1886 799 1909; x_wconf 91' lang='lat'><strong>“</strong></span> <span class='ocrx_word' id='word_1_144' title='bbox 809 1882 873 1931; x_wconf 86' lang='lat' dir='ltr'><strong>Sunt</strong></span> <span class='ocrx_word' id='word_1_145' title='bbox 882 1883 922 1931; x_wconf 87' lang='lat' dir='ltr'><strong>his</strong></span> <span class='ocrx_word' id='word_1_146' title='bbox 932 1884 966 1930; x_wconf 83' lang='lat' dir='ltr'><strong>alii</strong></span> 
     </span>
     <span class='ocr_line' id='line_1_21' title="bbox 185 1944 966 2007; baseline 0.005 -14"><span class='ocrx_word' id='word_1_147' title='bbox 185 1947 289 2001; x_wconf 89' lang='lat' dir='ltr'><strong>multum</strong></span> <span class='ocrx_word' id='word_1_148' title='bbox 299 1945 423 2007; x_wconf 80' lang='lat' dir='ltr'><strong>dispares,</strong></span> <span class='ocrx_word' id='word_1_149' title='bbox 443 1944 565 2004; x_wconf 87' lang='lat' dir='ltr'><strong>simplioes</strong></span> <span class='ocrx_word' id='word_1_150' title='bbox 576 1950 600 1991; x_wconf 90' lang='lat' dir='ltr'><strong>et</strong></span> <span class='ocrx_word' id='word_1_151' title='bbox 611 1944 694 2006; x_wconf 75' lang='lat' dir='ltr'><strong>aperti,</strong></span> <span class='ocrx_word' id='word_1_152' title='bbox 707 1945 749 2007; x_wconf 92' lang='lat' dir='ltr'><strong>qui</strong></span> <span class='ocrx_word' id='word_1_153' title='bbox 761 1945 824 2004; x_wconf 83' lang='lat' dir='ltr'><strong>nihil</strong></span> <span class='ocrx_word' id='word_1_154' title='bbox 836 1965 867 1996; x_wconf 80' lang='lat' dir='ltr'><strong>ex</strong></span> <span class='ocrx_word' id='word_1_155' title='bbox 879 1949 966 1996; x_wconf 83' lang='lat' dir='ltr'><strong>occulto</strong></span> 
     </span>
     <span class='ocr_line' id='line_1_22' title="bbox 184 2008 964 2083; baseline 0.003 -27"><span class='ocrx_word' id='word_1_156' title='bbox 184 2008 284 2083; x_wconf 50' lang='lat' dir='ltr'><strong>iiidie?</strong></span> <span class='ocrx_word' id='word_1_157' title='bbox 295 2008 390 2082; x_wconf 78' lang='lat' dir='ltr'><strong>insidiis</strong></span> <span class='ocrx_word' id='word_1_158' title='bbox 401 2009 630 2083; x_wconf 64' lang='lat' dir='ltr'><strong>egenduinputantj</strong></span> <span class='ocrx_word' id='word_1_159' title='bbox 641 2009 748 2058; x_wconf 84' lang='lat' dir='ltr'><strong>veritatis</strong></span> <span class='ocrx_word' id='word_1_160' title='bbox 760 2011 873 2071; x_wconf 78' lang='lat' dir='ltr'><strong>cultores,</strong></span> <span class='ocrx_word' id='word_1_161' title='bbox 881 2013 964 2061; x_wconf 85' lang='lat' dir='ltr'><strong>fraudis</strong></span> 
     </span>
     <span class='ocr_line' id='line_1_23' title="bbox 184 2073 963 2200; baseline 0.005 -16"><span class='ocrx_word' id='word_1_162' title='bbox 184 2087 295 2194; x_wconf 64' lang='lat' dir='ltr'><strong>„titt</strong></span> <span class='ocrx_word' id='word_1_163' title='bbox 303 2073 963 2200; x_wconf 55' lang='lat' dir='ltr'><strong>liltltnttttlclllltttttlllltdliii</strong></span> 
     </span>
     <span class='ocr_line' id='line_1_24' title="bbox 183 2199 962 2269; baseline 0.01 -20"><span class='ocrx_word' id='word_1_164' title='bbox 183 2199 213 2250; x_wconf 81' lang='lat' dir='ltr'><strong>of</strong></span> <span class='ocrx_word' id='word_1_165' title='bbox 223 2200 272 2249; x_wconf 90' lang='lat' dir='ltr'><strong>this</strong></span> <span class='ocrx_word' id='word_1_166' title='bbox 283 2206 402 2260; x_wconf 82' lang='lat' dir='ltr'><strong>sentence,</strong></span> <span class='ocrx_word' id='word_1_167' title='bbox 410 2199 587 2266; x_wconf 72' lang='lat' dir='ltr'><strong>patent-would</strong></span> <span class='ocrx_word' id='word_1_168' title='bbox 599 2203 628 2250; x_wconf 90' lang='lat' dir='ltr'><strong>be</strong></span> <span class='ocrx_word' id='word_1_169' title='bbox 639 2220 667 2252; x_wconf 88' lang='lat' dir='ltr'><strong>as</strong></span> <span class='ocrx_word' id='word_1_170' title='bbox 675 2202 796 2269; x_wconf 86' lang='lat' dir='ltr'><strong>improper</strong></span> <span class='ocrx_word' id='word_1_171' title='bbox 808 2223 835 2254; x_wconf 87' lang='lat' dir='ltr'><strong>as</strong></span> <span class='ocrx_word' id='word_1_172' title='bbox 847 2207 873 2256; x_wconf 93' lang='lat' dir='ltr'><strong>in</strong></span> <span class='ocrx_word' id='word_1_173' title='bbox 883 2209 924 2256; x_wconf 89' lang='lat' dir='ltr'><strong>the</strong></span> <span class='ocrx_word' id='word_1_174' title='bbox 934 2223 962 2255; x_wconf 85' lang='lat' dir='ltr'><strong>se·</strong></span> 
     </span>
     <span class='ocr_line' id='line_1_25' title="bbox 184 2265 961 2330; baseline 0.008 -16"><span class='ocrx_word' id='word_1_175' title='bbox 184 2266 253 2324; x_wconf 84' lang='lat' dir='ltr'><strong>oond,</strong></span> <span class='ocrx_word' id='word_1_176' title='bbox 261 2266 430 2330; x_wconf 79' lang='lat' dir='ltr'><strong>perpetiuntur</strong></span> <span class='ocrx_word' id='word_1_177' title='bbox 441 2268 488 2315; x_wconf 84' lang='lat' dir='ltr'><strong>and</strong></span> <span class='ocrx_word' id='word_1_178' title='bbox 497 2265 642 2316; x_wconf 78' lang='lat' dir='ltr'><strong>deserviunt.</strong></span> <span class='ocrx_word' id='word_1_179' title='bbox 661 2324 663 2326; x_wconf 12' lang='lat' dir='ltr'>v</span> <span class='ocrx_word' id='word_1_180' title='bbox 674 2269 823 2319; x_wconf 80' lang='lat' dir='ltr'><strong>Alienations</strong></span> <span class='ocrx_word' id='word_1_181' title='bbox 832 2273 863 2320; x_wconf 89' lang='lat' dir='ltr'><strong>of</strong></span> <span class='ocrx_word' id='word_1_182' title='bbox 872 2273 921 2322; x_wconf 87' lang='lat' dir='ltr'><strong>this</strong></span> <span class='ocrx_word' id='word_1_183' title='bbox 928 2290 961 2320; x_wconf 86' lang='lat' dir='ltr'><strong>na-</strong></span> 
     </span>
     <span class='ocr_line' id='line_1_26' title="bbox 183 2330 961 2403; baseline 0.012 -25"><span class='ocrx_word' id='word_1_184' title='bbox 183 2336 246 2389; x_wconf 84' lang='lat' dir='ltr'><strong>ture,</strong></span> <span class='ocrx_word' id='word_1_185' title='bbox 254 2330 281 2378; x_wconf 90' lang='lat' dir='ltr'><strong>in</strong></span> <span class='ocrx_word' id='word_1_186' title='bbox 292 2330 437 2397; x_wconf 82' lang='lat' dir='ltr'><strong>conformity</strong></span> <span class='ocrx_word' id='word_1_187' title='bbox 448 2338 473 2380; x_wconf 89' lang='lat' dir='ltr'><strong>to</strong></span> <span class='ocrx_word' id='word_1_188' title='bbox 483 2331 523 2380; x_wconf 89' lang='lat' dir='ltr'><strong>the</strong></span> <span class='ocrx_word' id='word_1_189' title='bbox 535 2332 704 2396; x_wconf 83' lang='lat' dir='ltr'><strong>grnmmatioal</strong></span> <span class='ocrx_word' id='word_1_190' title='bbox 722 2334 819 2384; x_wconf 90' lang='lat' dir='ltr'><strong>notions</strong></span> <span class='ocrx_word' id='word_1_191' title='bbox 830 2337 860 2386; x_wconf 89' lang='lat' dir='ltr'><strong>of</strong></span> <span class='ocrx_word' id='word_1_192' title='bbox 870 2354 961 2403; x_wconf 83' lang='lat' dir='ltr'><strong>copyers</strong></span> 
     </span>
     <span class='ocr_line' id='line_1_27' title="bbox 182 2395 946 2466; baseline 0.003 -22"><span class='ocrx_word' id='word_1_193' title='bbox 182 2397 231 2445; x_wconf 83' lang='lat' dir='ltr'><strong>and</strong></span> <span class='ocrx_word' id='word_1_194' title='bbox 241 2395 336 2454; x_wconf 86' lang='lat' dir='ltr'><strong>editors,</strong></span> <span class='ocrx_word' id='word_1_195' title='bbox 348 2411 388 2444; x_wconf 86' lang='lat' dir='ltr'><strong>are</strong></span> <span class='ocrx_word' id='word_1_196' title='bbox 400 2413 466 2445; x_wconf 88' lang='lat' dir='ltr'><strong>more</strong></span> <span class='ocrx_word' id='word_1_197' title='bbox 478 2397 579 2446; x_wconf 83' lang='lat' dir='ltr'><strong>difficolt</strong></span> <span class='ocrx_word' id='word_1_198' title='bbox 589 2403 613 2446; x_wconf 95' lang='lat' dir='ltr'><strong>to</strong></span> <span class='ocrx_word' id='word_1_199' title='bbox 622 2397 694 2446; x_wconf 86' lang='lat' dir='ltr'><strong>effect</strong></span> <span class='ocrx_word' id='word_1_200' title='bbox 704 2398 729 2445; x_wconf 94' lang='lat' dir='ltr'><strong>in</strong></span> <span class='ocrx_word' id='word_1_201' title='bbox 742 2407 834 2466; x_wconf 85' lang='lat' dir='ltr'><strong>poetry.</strong></span> <span class='ocrx_word' id='word_1_202' title='bbox 868 2403 946 2452; x_wconf 76' lang='lat' dir='ltr'><strong>Thus:</strong></span> 
     </span>
    </p>

    <p class='ocr_par' dir='ltr' id='par_1_8' title="bbox 213 2459 959 2574">
     <span class='ocr_line' id='line_1_28' title="bbox 213 2459 959 2574; baseline 0.009 -64"><span class='ocrx_word' id='word_1_203' title='bbox 213 2459 309 2512; x_wconf 84' lang='lat' dir='ltr'><strong>Luorot.</strong></span> <span class='ocrx_word' id='word_1_204' title='bbox 320 2461 355 2511; x_wconf 91' lang='lat' dir='ltr'><strong>iii.</strong></span> <span class='ocrx_word' id='word_1_205' title='bbox 366 2462 419 2511; x_wconf 89' lang='grc'><strong>115.</strong></span> <span class='ocrx_word' id='word_1_206' title='bbox 435 2461 499 2511; x_wconf 84' lang='lat' dir='ltr'><strong>“Est</strong></span> <span class='ocrx_word' id='word_1_207' title='bbox 510 2462 669 2574; x_wconf 69' lang='lat' dir='ltr'><strong>olintllltamen</strong></span> <span class='ocrx_word' id='word_1_208' title='bbox 678 2462 704 2511; x_wconf 92' lang='lat' dir='ltr'><strong>in</strong></span> <span class='ocrx_word' id='word_1_209' title='bbox 713 2464 783 2512; x_wconf 90' lang='lat' dir='ltr'><strong>nobis</strong></span> <span class='ocrx_word' id='word_1_210' title='bbox 792 2467 856 2530; x_wconf 84' lang='lat' dir='ltr'><strong>quod</strong></span> <span class='ocrx_word' id='word_1_211' title='bbox 864 2475 959 2532; x_wconf 85' lang='lat' dir='ltr'><strong>tempore</strong></span> 
     </span>
    </p>

    <p class='ocr_par' dir='ltr' id='par_1_9' title="bbox 221 2540 604 2586">
     <span class='ocr_line' id='line_1_29' title="bbox 221 2540 604 2586; baseline 0.008 -14"><span class='ocrx_word' id='word_1_212' title='bbox 221 2542 224 2546; x_wconf 92' lang='lat'>·</span> <span class='ocrx_word' id='word_1_213' title='bbox 410 2540 413 2547; x_wconf 90' lang='grc'><strong><em>·</em></strong></span> <span class='ocrx_word' id='word_1_214' title='bbox 518 2543 544 2574; x_wconf 82' lang='lat' dir='ltr'><strong>tn</strong></span> <span class='ocrx_word' id='word_1_215' title='bbox 556 2543 564 2574; x_wconf 90' lang='lat'>1</span> <span class='ocrx_word' id='word_1_216' title='bbox 583 2544 604 2586; x_wconf 87' lang='lat' dir='ltr'><strong>o,</strong></span> 
     </span>
    </p>

    <p class='ocr_par' dir='ltr' id='par_1_10' title="bbox 180 2591 959 2964">
     <span class='ocr_line' id='line_1_30' title="bbox 457 2591 959 2666; baseline 0.01 -26"><span class='ocrx_word' id='word_1_217' title='bbox 457 2591 538 2666; x_wconf 77' lang='lat' dir='ltr'><strong>Multi’</strong></span> <span class='ocrx_word' id='word_1_218' title='bbox 551 2591 628 2640; x_wconf 88' lang='lat' dir='ltr'><strong>modis</strong></span> <span class='ocrx_word' id='word_1_219' title='bbox 643 2592 750 2656; x_wconf 84' lang='lat' dir='ltr'><strong>agitatur</strong></span> <span class='ocrx_word' id='word_1_220' title='bbox 757 2602 781 2644; x_wconf 89' lang='lat' dir='ltr'><strong>et</strong></span> <span class='ocrx_word' id='word_1_221' title='bbox 789 2596 869 2646; x_wconf 88' lang='lat' dir='ltr'><strong>omnis</strong></span> <span class='ocrx_word' id='word_1_222' title='bbox 879 2599 959 2663; x_wconf 84' lang='lat' dir='ltr'><strong>accipit</strong></span> 
     </span>
     <span class='ocr_line' id='line_1_31' title="bbox 518 2671 582 2703; baseline 0 0"><span class='ocrx_word' id='word_1_223' title='bbox 518 2671 545 2703; x_wconf 87' lang='lat'><strong>111</strong></span> <span class='ocrx_word' id='word_1_224' title='bbox 556 2671 582 2703; x_wconf 90' lang='lat' dir='ltr'><strong>se</strong></span> 
     </span>
     <span class='ocr_line' id='line_1_32' title="bbox 452 2719 670 2768; baseline -0.005 0"><span class='ocrx_word' id='word_1_225' title='bbox 452 2719 555 2768; x_wconf 74' lang='lat' dir='ltr'><strong>Latitiae</strong></span> <span class='ocrx_word' id='word_1_226' title='bbox 567 2722 670 2767; x_wconf 88' lang='lat' dir='ltr'><strong>motus.”</strong></span> 
     </span>
     <span class='ocr_line' id='line_1_33' title="bbox 180 2783 957 2851; baseline 0.009 -20"><span class='ocrx_word' id='word_1_227' title='bbox 180 2783 228 2832; x_wconf 77' lang='lat' dir='ltr'><strong>end</strong></span> <span class='ocrx_word' id='word_1_228' title='bbox 239 2783 292 2835; x_wconf 82' lang='lat' dir='ltr'><strong>Lib.</strong></span> <span class='ocrx_word' id='word_1_229' title='bbox 299 2785 335 2846; x_wconf 63' lang='lat' dir='ltr'><strong>ni.</strong></span> <span class='ocrx_word' id='word_1_230' title='bbox 352 2785 405 2836; x_wconf 83' lang='lat'><strong>703.</strong></span> <span class='ocrx_word' id='word_1_231' title='bbox 438 2791 452 2814; x_wconf 88' lang='lat'>“</span> <span class='ocrx_word' id='word_1_232' title='bbox 459 2785 521 2834; x_wconf 90' lang='lat' dir='ltr'><strong>Sunt</strong></span> <span class='ocrx_word' id='word_1_233' title='bbox 527 2783 618 2846; x_wconf 85' lang='lat' dir='ltr'><strong>aliquot</strong></span> <span class='ocrx_word' id='word_1_234' title='bbox 623 2800 717 2847; x_wconf 85' lang='lat' dir='ltr'><strong>quoque</strong></span> <span class='ocrx_word' id='word_1_235' title='bbox 726 2802 773 2844; x_wconf 87' lang='lat' dir='ltr'><strong>res,</strong></span> <span class='ocrx_word' id='word_1_236' title='bbox 782 2805 884 2851; x_wconf 84' lang='lat' dir='ltr'><strong>quarum</strong></span> <span class='ocrx_word' id='word_1_237' title='bbox 890 2810 957 2843; x_wconf 75' lang='lat' dir='ltr'><strong>unam</strong></span> 
     </span>
     <span class='ocr_line' id='line_1_34' title="bbox 516 2848 801 2897; baseline 0.007 -2"><span class='ocrx_word' id='word_1_238' title='bbox 516 2848 596 2896; x_wconf 86' lang='lat' dir='ltr'><strong>dicere</strong></span> <span class='ocrx_word' id='word_1_239' title='bbox 608 2864 707 2897; x_wconf 80' lang='lat' dir='ltr'><strong>eausam</strong></span> <span class='ocrx_word' id='word_1_240' title='bbox 799 2879 801 2883; x_wconf 34' lang='grc' dir='ltr'><em>ν</em></span> 
     </span>
     <span class='ocr_line' id='line_1_35' title="bbox 452 2913 649 2964; baseline -0.015 0"><span class='ocrx_word' id='word_1_241' title='bbox 452 2913 508 2964; x_wconf 91' lang='lat' dir='ltr'><strong>Non</strong></span> <span class='ocrx_word' id='word_1_242' title='bbox 520 2913 578 2963; x_wconf 85' lang='lat' dir='ltr'><strong>satis</strong></span> <span class='ocrx_word' id='word_1_243' title='bbox 589 2914 649 2961; x_wconf 84' lang='lat' dir='ltr'><strong>est”</strong></span> 
     </span>
    </p>
   </div>
   <div class='ocr_carea' id='block_1_4' title="bbox 0 0 990 3278">
    <p class='ocr_par' dir='ltr' id='par_1_11' title="bbox 0 0 990 3278">
     <span class='ocr_line' id='line_1_36' title="bbox 0 0 990 3278; baseline 0 1"><span class='ocrx_word' id='word_1_244' title='bbox 0 0 990 3278; x_wconf 95' lang='lat' dir='ltr'><strong> </strong></span> 
     </span>
    </p>
   </div>
  </div>
 </body>
</html>
