1970 3278
177 191 215 246 64
454 190 502 239 DE
520 190 671 240 osricus.

177 333 223 390 cui
237 339 373 408 parerent,
387 331 512 389 libertate
533 341 689 390 uterentur:
711 332 793 408 cujus
813 333 972 410 proprium

177 421 229 478 est,
244 411 286 466 sic
299 410 403 477 rivere,
417 421 449 466 ut
462 411 542 468 velis.

177 580 265 640 OAP.
281 582 363 640 XXI.
383 581 516 642 Honores
530 582 566 642 alr
581 583 682 642 otiosis
692 581 811 660 negligi
818 604 833 652 ,·
858 584 969 662 quibus

214 660 387 737 capescenda
406 663 446 719 ait
461 661 640 738 respublica:
661 661 733 738 quid
746 661 783 719 ab
798 661 841 719 iis
855 663 967 721 deside

214 747 318 810 reno,-
340 758 403 818 quae
417 740 492 799 vitiu
502 739 614 819 jugere
628 739 758 798 debeant.
843 806 848 814 ¹

214 890 330 964 Quina,
339 914 404 953 cum
419 894 474 953 hoc
488 913 637 952 commune
652 895 689 952 sit
702 894 836 971 potentiae
848 897 964 974 cupido

173 991 236 1032 rum
250 991 315 1030 cum
329 974 375 1040 iir,
390 989 460 1045 quos
470 973 539 1040 dixi,
554 974 652 1031 otiosis
662 976 689 1030 ε*
703 973 780 1030 alteri
794 991 826 1030 se
843 975 963 1053 adipisci

174 1050 203 1108 id
217 1070 302 1126 posse
311 1053 482 1118 arbitrantur,
495 1052 520 1107 si
534 1070 603 1128 opes
614 1068 730 1128 magnas
741 1051 885 1110 habeant:
903 1056 963 1111 alte

173 1129 208 1196 ri,
223 1130 249 1186 si
263 1130 385 1187 contenti
400 1129 456 1186 sint
470 1140 497 1187 et
517 1149 578 1197 suo,
594 1141 623 1186 et
635 1149 731 1206 parvo.
770 1128 805 1186 In
820 1148 884 1201 quo
898 1152 962 1189 neu·

172 1215 279 1265 tromm
293 1208 409 1265 omnino
418 1207 622 1264 contemnenda
633 1207 770 1265 sententia
783 1218 847 1264 est:
873 1209 925 1267 sed
938 1221 962 1266 ct

173 1285 290 1354 facilior,
305 1296 333 1343 et
344 1287 436 1352 tutior,
449 1296 476 1342 et
489 1286 583 1343 minus
598 1285 659 1341 aliis'
674 1286 765 1362 gravis
780 1295 829 1342 aut
842 1289 961 1352 molesta

174 1364 231 1420 vita
250 1375 293 1422 est
314 1364 483 1422 otiosorum:
505 1363 672 1420 fructuosior
692 1373 784 1420 antem
809 1363 958 1423 hominum

174 1443 280 1518 generi,
301 1453 329 1499 et
349 1441 382 1498 ad
407 1441 557 1498 claritatem
578 1441 848 1516 amplitudinemque
873 1447 959 1520 aptior

174 1539 281 1587 eorum,
297 1520 345 1594 qui
365 1538 397 1578 se
411 1519 445 1577 ad
459 1538 517 1577 rem
532 1520 672 1595 publicam
686 1519 762 1577 etad
782 1537 903 1598 magnas
918 1541 957 1580 res

89 1620 92 1625 ’
174 1600 309 1677 gerendas
324 1598 611 1657 accommodaverunt.

214 1679 392 1756 Quapropter
402 1690 430 1736 et
439 1679 475 1735 iis
486 1677 600 1735 forsitan
612 1673 824 1733 concedendum
838 1677 956 1740 sitirem

173 1758 314 1833 publicam
326 1775 382 1814 non
394 1756 613 1832 capessentibus,
626 1756 674 1826 qui
685 1755 835 1812 excellenti
844 1757 957 1834 ingenio

174 1835 306 1890 doctrina
320 1852 384 1889 sese
398 1833 575 1890 dedidemnt:
598 1842 626 1888 et
645 1833 691 1900 iis,
713 1833 762 1904 qui
787 1843 836 1890 aut
855 1837 957 1892 valetu-

173 1911 248 1967 dinis
262 1911 459 1976 imbecillitate,
475 1918 521 1965 aut
535 1909 626 1980 aliqua
640 1912 764 1985 graviore
786 1928 890 1970 caussa
910 1915 958 1970 im·

173 1983 270 2062 pediti,
280 2005 297 2042 a
309 2005 339 2043 ro
353 1988 465 2062 publica
477 1999 660 2052 recesserunt,
670 2007 734 2045 cum
748 1989 809 2064 ejus
825 1990 956 2049 adminis-

173 2063 277 2121 trandae
301 2073 465 2138 potestatem
493 2064 555 2120 aliis
573 2064 740 2138 laudemque
761 2069 956 2126 concederent

174 2141 283 2206 Quibus
298 2151 390 2202 autem
405 2141 467 2198 talis
488 2142 564 2199 nulla
584 2144 621 2200 sit
640 2163 748 2210 caussa,
763 2145 789 2201 si
810 2145 954 2222 despicere

173 2237 206 2277 se
225 2217 319 2276 dicant
342 2237 385 2288 ea,
400 2238 462 2294 qua
482 2220 608 2296 plerique
628 2223 770 2290 mirentur,
789 2223 912 2300 imperia
931 2237 956 2282 et

439 2390 603 2441 CHAPTER
619 2392 686 2442 XXI.

205 2523 221 2553 ὓ
232 2517 340 2568 Oriens:
355 2517 407 2568 colo
416 2517 464 2568 lire
474 2520 615 2586 ionicam,
625 2519 752 2587 meddling
759 2529 800 2570 not
810 2525 870 2572 witi
875 2525 956 2591 public

173 2583 423 2699 “ffffitmdmdm
438 2649 478 2696 rit.
500 2647 555 2696 'I'ho
571 2648 645 2698 idiom
667 2649 698 2698 of
718 2666 762 2698 our
787 2668 845 2700 own
866 2661 955 2721 tangue

173 2727 189 2758 a
218 2728 257 2760 ees
268 2714 328 2762 with
338 2713 387 2762 this
398 2713 548 2775 expressiom
564 2712 705 2762 cdownncec
713 2729 755 2762 cre
766 2720 790 2762 to
799 2715 825 2763 be
837 2720 910 2768 made
915 2721 956 2783 scr
