1970 3272
349 157 614 277 1.¹ttt.1t.ctl1³.t¹.¹
697 213 699 218 ¹
813 208 869 264 143

69 349 199 427 impetn,
213 349 244 409 id
256 358 311 419 eat,
326 351 408 410 bellis
423 360 470 409 ant
482 347 677 418 seditionibus,
692 365 777 422 quam
790 349 869 408 omni

68 429 187 502 reliqua
201 429 368 487 calamitate.

120 507 196 566 Cum
217 509 301 583 igitur
322 509 368 566 hic
386 508 465 566 locus
479 503 552 565 nihil
563 507 664 564 habeat
677 505 867 574 dubitationis,

72 587 149 660 quin
172 588 304 645 homines
329 587 481 663 plurimum
508 583 677 644 hominibus·
696 595 725 642 ct
751 587 869 662 prosint,

71 676 107 723 et
134 667 249 733 obsint;
280 667 423 742 proprium
452 666 506 722 h'cc
539 673 629 720 statuo
662 681 726 721 esre
760 665 891 722 virtutis⁴

72 745 230 801 conciliare
253 746 362 802 animos
385 744 532 801 hominnm
552 752 581 800 et
601 741 714 800 adunus
736 761 803 800 cuca
824 742 871 800 ad-

69 824 207 900 jungere.
248 822 354 894 Itaque,
369 841 432 895 quac
447 823 476 880 in
490 823 572 880 rcbua
593 821 736 886 inanimis,
752 839 869 894 quaequo

74 903 109 958 in
125 901 286 959 tractatione
300 902 444 960 beluarum
457 903 529 959 fiunt
541 900 646 960 utihter
665 898 701 957 ad
720 899 870 958 hominum

73 980 177 1046 vitam,
199 981 303 1037 artibus
324 999 358 1037 ca
378 983 533 1038 tribuuntur
553 979 700 1056 operosis:
722 979 869 1037 hominum

24 1060 32 1076 “
74 1068 174 1116 autem
188 1057 279 1115 studia
293 1059 327 1116 ad
341 1059 586 1134 amplificationem
600 1069 757 1115 nostrarum
777 1075 870 1114 rerum

74 1145 191 1212 promta
211 1149 243 1192 ae
262 1148 365 1212 parata,
380 1138 503 1196 vitorum
523 1138 713 1213 prestantium
733 1136 873 1212 sapientia

77 1225 110 1272 et
123 1215 224 1272 virtute
238 1217 402 1272 excitantur.

119 1293 236 1350 Etenim
265 1295 369 1350 virtus*
397 1294 490 1350 omnis
519 1293 606 1349 tribus
635 1291 663 1348 in
695 1292 778 1349 rebus
813 1291 869 1350 sere

76 1372 213 1428 vertitur:
236 1391 353 1444 quarum
366 1388 423 1428 una
436 1382 480 1428 est
493 1371 521 1428 in
536 1369 743 1446 perspiciendo,
759 1369 825 1442 quid
840 1371 870 1428 in

76 1466 191 1523 quaque
214 1469 244 1506 re
264 1468 371 1514 venam,
386 1451 582 1520 sincerumque
602 1449 648 1516 ait,
664 1448 732 1520 quid
753 1466 871 1506 consen·

78 1541 195 1586 tancnm
218 1527 330 1597 cuique,
345 1527 412 1596 quid
429 1545 616 1597 consequens,
631 1545 668 1583 cx
682 1545 737 1596 quo
752 1544 870 1597 quaequc
917 1589 918 1594 .

76 1608 240 1684 gignantur,
256 1623 318 1675 quae
338 1603 475 1677 cujusque
489 1604 529 1659 rei
544 1623 642 1660 caussa
661 1603 718 1660 ait:
741 1602 871 1665 alterum†

77 1685 231 1756 cohiberess
242 1691 336 1740 motus
357 1681 443 1737 animi
458 1681 590 1748 turbatos,
605 1699 676 1753 quoa
692 1680 786 1737 Graeci
799 1678 869 1745 adda

32 1821 33 1824 Ἴ
111 1843 128 1872 ⁴*
145 1839 245 1888 Etenim
256 1839 342 1886 virtue.
374 1834 449 1886 From
465 1835 624 1884 thcscworda
641 1825 819 1884 tctheendoi
830 1835 873 1886 the

78 1906 188 1966 chapter,
200 1903 331 1951 Facciolati
348 1902 471 1951 considers
487 1919 514 1950 aa
530 1915 563 1949 an
578 1901 753 1964 interpolation.
780 1900 871 1951 ‘Virtuc

80 1971 132 2021 had
151 1969 249 2032 already
265 1969 326 2016 been
346 1968 447 2027 divided,
459 1973 501 2016 not
519 1966 571 2014 into
587 1967 662 2025 three,
678 1968 722 2015 but
738 1967 790 2015 into
809 1966 870 2026 four,

78 2032 221 2098 provinner:
241 2032 358 2098 although
374 2034 414 2082 the
431 2033 510 2082 words
531 2047 572 2080 ure
587 2031 739 2090 Ciceronien,
755 2032 796 2081 the
816 2048 871 2081 eon.

6 2123 8 2127 ¹
80 2099 208 2157 struction,
223 2097 254 2146 ho
270 2099 362 2158 thinkr,
373 2099 394 2148 ia
405 2105 454 2148 not
486 2098 525 2147 'I'o
541 2097 590 2146 thia
606 2095 712 2162 opinion,
723 2097 747 2146 J.
758 2097 794 2147 M.
805 2098 871 2148 Heu-

65 2201 68 2204 Ι
80 2170 393 2282 aupgcplpesppppzmmm·
424 2227 558 2292 Regtdarly
568 2226 653 2286 altera,
663 2229 743 2277 tertia
775 2228 825 2278 nm
835 2228 871 2278 in-

80 2300 176 2344 stanccs
187 2311 228 2343 arc
239 2293 314 2343 found
325 2293 354 2343 of
363 2299 461 2342 mentera
472 2293 499 2342 in
510 2309 525 2342 e
535 2293 628 2342 similas
639 2293 817 2344 eonrtruction:
833 2295 872 2343 eh.

81 2359 121 2419 22,
132 2360 162 2409 of
172 2360 213 2408 the
224 2359 355 2424 preceding
366 2359 436 2408 book.
467 2357 642 2420 “Quemquam
652 2358 706 2407 haec
717 2359 815 2422 quidam
832 2375 872 2408 rec

82 2439 132 2472 non
143 2425 222 2474 colum
233 2441 264 2474 ex
274 2424 407 2473 domestica
417 2423 561 2482 estuatione,
570 2422 743 2488 attingitanim
751 2423 871 2483 bellicam,

81 2490 197 2552 quoniam
213 2491 238 2538 vi
258 2505 379 2552 manuque
396 2489 506 2538 confecta
525 2496 568 2547 est,
583 2489 626 2536 aed
645 2495 728 2537 temen
747 2489 773 2536 id
790 2488 871 2552 ipsum
907 2527 909 2530 .

82 2553 470 2618 gestumeat,”&c.·-Liv.43.17.
486 2553 871 2617 “Nequisullamreminbeiiutn

82 2619 266 2683 magistratibus
276 2619 395 2670 Romania
405 2620 525 2670 conmet
532 2626 692 2684 preterquam
700 2619 765 2682 quod
773 2624 871 2668 renunc

83 2683 239 2732 cenauimett·

115 2747 127 2798 i
140 2746 260 2796 cotilae.
275 2748 368 2800 oothta
378 2747 871 2810 marcucnon,Facai01anauoobaervaa,

83 2812 137 2862 that
147 2812 167 2862 it
177 2812 258 2862 would
269 2812 331 2864 have
348 2815 409 2864 been
427 2831 495 2866 moro
506 2815 639 2865 consistent
649 2813 710 2864 with
720 2813 761 2862 the
773 2813 865 2876 picced-

84 2878 135 2945 ing,
143 2891 193 2928 una
203 2891 242 2929 ree
253 2884 289 2928 ert
299 2879 327 2927 ic
334 2880 508 2946 perepiet'ecdc,
515 2888 540 2932 tc
550 2881 611 2932 heve
622 2879 682 2930 urcd
692 2880 720 2930 in
727 2877 853 2930 antelmio
