1970 3272
112 180 181 275 lm
412 213 634 288 noeumane.

124 368 177 426 est,
192 360 260 433 quin
280 357 328 415 illa
347 351 517 432 benignitas,'
529 373 591 427 qum
612 361 721 413 constat
734 371 771 412 ex
784 373 877 432 opera
891 365 923 413 et

125 438 269 504 induemus,
281 445 310 492 et
322 435 467 492 honestior
477 435 523 502 sit,
535 444 564 492 et
572 435 655 492 latius
667 443 769 512 pateat,
781 444 810 491 et
820 436 922 510 possit

123 513 408 594 prodessepluribus.

164 594 399 664 Nonnumquam
413 601 505 649 tamen
521 602 564 648 est
576 591 760 668 largiendum,
779 609 833 648 nee
857 591 918 650 hoe

124 671 302 746 benignitatis
323 689 412 747 genus
438 671 554 728 omnino
579 669 781 744 repudiandum
801 681 864 728 est:
889 681 920 728 et

125 768 199 826 saepe
211 749 321 809 idoneis
336 751 498 808 horninibus
513 749 548 806 de
563 767 591 806 re
608 749 737 806 familiari
751 749 919 824 impartien-

124 828 201 894 dum,
213 828 264 886 sed
278 825 426 904 diligenter
439 837 521 899 atque
536 826 686 884 moderate.
728 827 813 884 Multi
834 827 917 886 enim

123 907 292 983 patrimonia
304 906 471 973 effuderunt,
486 906 644 964 inconsulte
657 902 811 982 largiendo.
835 905 917 972 Quid

124 994 216 1043 autem
238 995 282 1046 est
308 985 429 1053 stultius,
455 1002 539 1056 quam
567 983 643 1056 quod
670 984 788 1044 libenter
815 983 917 1052 facias,

52 1061 58 1068 “
124 1081 229 1130 curare,
245 1061 277 1124 ut
289 1064 317 1122 id
337 1063 441 1122 diutius
467 1061 557 1120 tacere
582 1081 640 1122 nou
664 1063 777 1139 possiet
818 1063 916 1136 Atque

124 1143 208 1202 etiam
222 1151 376 1216 sequuntur
388 1142 567 1219 largitionem
585 1142 701 1218 rapinae.
743 1141 819 1201 Cum
834 1144 915 1202 euim

124 1220 215 1280 dando
229 1240 312 1298 egere
323 1230 477 1298 coeperunt,
492 1219 591 1280 alienis
604 1222 687 1282 bouis
699 1239 799 1279 manus
812 1221 914 1280 afferre

124 1310 270 1376 eoguntur.
310 1300 362 1368 lta,
392 1318 456 1358 oum
482 1299 683 1358 benevolentiae
715 1299 913 1376 comparanda

123 1395 223 1436 oaussa
236 1379 355 1437 benefici
369 1395 433 1436 esse
446 1377 543 1446 velint,
563 1397 621 1436 non
642 1387 717 1436 tauta
730 1377 823 1436 studia
836 1397 913 1435 asse·

124 1468 245 1529 quuntur
272 1475 380 1524 eomm,
414 1458 515 1529 quibus
543 1455 688 1525 dederuut,
716 1466 820 1529 quanta
846 1455 914 1516 odia

123 1553 220 1594 eorum
236 1537 338 1610 quibus
353 1535 525 1594 ademerunt.

166 1617 259 1684 Quam
279 1616 316 1674 ob
335 1631 396 1673 rem
416 1633 470 1672 neo
490 1614 528 1672 ita
547 1611 701 1672 claudenda
716 1622 760 1670 est
773 1632 818 1672 res
832 1614 914 1672 lami·

122 1693 210 1764 liaris,
225 1703 256 1754 ut
268 1713 331 1753 eam
344 1694 501 1770 benignitas
521 1694 628 1769 aperire
649 1710 706 1750 non
727 1693 836 1768 possim
859 1711 912 1752 neo

123 1773 161 1832 ita
174 1773 323 1832 reseranda
335 1783 366 1830 ut
379 1781 472 1848 pateat
484 1773 615 1829 omnibus
627 1789 635 1838 3
663 1769 765 1828 modus
778 1771 912 1830 adhibea-

122 1861 176 1918 tur,
191 1854 273 1924 isque
287 1851 419 1908 resemtur
433 1849 467 1907 ad
479 1849 631 1906 facultates.
673 1847 799 1908 Omnino
811 1854 911 1910 memi-

122 1929 200 1990 nisse
234 1930 369 1986 debemus
396 1927 435 1994 id,
464 1926 541 1999 quod
566 1947 584 1984 a
609 1927 713 1984 nostrie
746 1927 910 1988 hominibus
969 1929 970 1934 ’

122 2008 281 2082 saepissime
294 2013 468 2082 usurpatum,
486 2005 590 2080 jamin
605 2006 745 2080 proverbii
760 2019 910 2066 eonsuetu-

121 2085 217 2142 dinem
225 2086 327 2151 '.venit‚
354 2083 530 2160 largitionem
557 2081 673 2140 fundum
701 2103 759 2142 non
780 2086 910 2144 habere*

122 2163 237 2221 Etenim
252 2163 315 2235 quis
333 2171 428 2238 potest
446 2161 546 2219 modus
561 2179 634 2229 esse,
649 2180 714 2219 oum
728 2173 757 2220 et
770 2163 846 2222 idem
861 2166 908 2238 qui

14 2305 16 2316 Ι
122 2243 300 2309 consuerunt,
315 2251 344 2298 et
357 2239 433 2299 idem
447 2240 517 2298 illud
530 2240 578 2298 alii
592 2239 751 2299 desiderent
760 2241 787 2304 lt

153 2417 168 2450 θ
180 2413 296 2464 Fundam
307 2429 355 2463 non
363 2413 455 2464 habere.
477 2414 621 2480 “Adagium
630 2432 645 2464 a
653 2413 717 2464 dolio
728 2421 825 2478 pertuso
833 2422 908 2467 trans·

121 2482 205 2540 tatum,
214 2481 278 2544 quod
288 2480 370 2529 infusa
381 2497 444 2543 aqua
454 2496 580 2544 nunquam
591 2487 674 2529 tamen
684 2481 804 2544 repletum
820 2483 854 2532 ita
864 2500 909 2533 neo

121 2547 223 2609 populus
234 2547 427 2612 largitionibus.'’
442 2545 538 2595 Erusm.

153 2612 166 2663 l
179 2611 242 2661 Gom
251 2611 449 2662 et-deatderem.
481 2611 528 2660 For
539 2611 580 2660 the
590 2610 643 2659 first
652 2607 724 2671 idem,
735 2611 810 2660 tidem
819 2613 866 2661 and
875 2613 908 2674 li,

120 2691 162 2724 are
172 2675 248 2730 found
259 2678 286 2728 in
297 2694 363 2728 some
375 2677 446 2726 Mss,
478 2677 532 2725 The
543 2683 640 2740 present
651 2677 752 2754 reading
761 2693 819 2740 may
830 2679 858 2726 be
869 2695 909 2727 ex-

120 2741 215 2852 glaiubed
227 2759 282 2793 cum
293 2745 357 2793 idem
366 2751 388 2792 et
397 2739 435 2794 illi
446 2744 487 2808 qui
498 2749 671 2792 consueuerant
688 2741 818 2806 [accipere]
830 2750 852 2792 et
862 2743 906 2792 alii

138 2820 172 2852 est
191 2815 263 2855 erem.
