1970 3278
145 185 184 238 ρο
432 175 481 226 ne
498 173 651 224 ourrcrrs.

152 403 241 460 ΟΑΡ.
258 399 368 458 XXVI.
389 395 568 456 Modestiom
589 401 616 454 et
637 394 733 456 enimi
757 393 949 472 oeqttabs‘lt‘to·

190 488 245 540 tem
257 478 331 536 uiris
336 475 520 555 principibus
530 473 681 534 conuenire
693 494 701 532 ι
717 473 751 532 in
763 476 947 536 secundiori·

190 557 247 616 mie
261 557 346 615 redut
360 553 479 614 consilio
494 554 656 616 amicorum
669 552 821 612 utendum
838 573 913 614 esse.

189 717 292 778 Arous
307 715 391 772 etism
405 714 435 770 in
456 713 538 770 rebus
560 711 703 788 prosperis
721 709 801 768 etad
818 712 943 790 voluntt-

152 805 207 852 tem
221 805 346 851 nostram
360 793 509 850 fluentibus
524 791 694 866 superbiam,
709 788 865 848 fastidium
878 811 942 848 arro

151 871 327 949 gentiamque
354 889 456 946 magno
484 871 586 945 opero*
610 867 761 943 fugiamus.
807 869 894 928 Nam
918 879 941 925 ut

151 949 350 1017 adversanos,
366 949 407 1006 sio
428 947 565 1005 secundas
580 945 763 1004 immoderate
785 947 868 1006 serre
883 947 940 1006 leri·

151 1029 214 1086 tatis
239 1041 301 1086 est:
331 1028 516 1104 praeclaraque
541 1036 585 1082 est
608 1025 780 1096 aequebilites
807 1027 844 1084 in
870 1025 939 1085 omui

150 1107 216 1174 vito,
231 1117 260 1164 et
273 1107 347 1164 idem
362 1124 474 1182 semper
487 1103 579 1161 vultus
593 1103 747 1175 eademque
758 1103 857 1174 frons,
873 1116 904 1164 ut
912 1104 939 1161 de

151 1185 279 1246 Socratei
292 1185 415 1257 itemque
432 1184 467 1242 do
483 1182 519 1240 O.
535 1183 638 1256 Ltelioss
658 1181 835 1257 acecpimus.
881 1184 938 1243 Pht

150 1264 261 1339 lippum
274 1263 388 1336 quidem
401 1262 590 1322 Macedonum
599 1265 707 1338 regem,
716 1261 802 1318 rebus
814 1264 939 1340 gestiset

152 1342 240 1417 gloria
264 1354 424 1418 superatum
445 1341 544 1408 ofilio,
559 1339 689 1397 facilitate
714 1349 742 1396 et
765 1339 937 1400 humanitate

151 1419 234 1476 video
266 1421 439 1496 superiorem
467 1419 565 1492 fuisse.
606 1418 707 1490 Itaque.
728 1417 798 1476 ulter
830 1438 937 1497 semper

152 1517 280 1575 magnus,
302 1500 370 1556 alter
390 1514 465 1574 saepe
487 1498 681 1573 turpissimus:
702 1505 734 1552 ut
752 1507 831 1556 reete
848 1500 937 1577 protei·

152 1596 218 1653 pere
243 1578 396 1645 videantur,
418 1577 467 1650 qui
489 1587 614 1644 monent,
639 1585 679 1642 ut,
700 1588 808 1646 quanto
834 1579 937 1655 superi·

152 1675 216 1714 ores
231 1676 339 1725 sumus,
355 1668 429 1715 tanto
443 1675 496 1714 nos
510 1673 639 1732 geremus
663 1653 848 1714 submissius.
892 1658 937 1716 Pe·

152 1736 251 1793 naetiur
274 1737 397 1808 quidem,
413 1735 585 1800 Africanum,
605 1732 759 1790 auditorem
780 1748 811 1792 et
824 1735 935 1794 familis

151 1832 212 1871 rem
236 1832 330 1882 suum,
344 1815 458 1870 solitum
483 1813 521 1870 sit
542 1812 645 1878 dicere,
659 1822 690 1868 ut
710 1828 811 1882 equos,
827 1827 936 1893 propter

151 1893 261 1947 crebros
287 1891 479 1948 contentiones
505 1890 666 1964 praeliorum
680 1889 823 1950 ferocitate
849 1893 935 1952 exsul·

151 1977 250 2035 tontes,
266 1968 450 2026 domitoribus
472 1967 578 2024 tradere
603 1969 720 2036 soleant,
741 1980 773 2027 ut
794 1971 841 2029 his
857 1973 935 2032 sacili·

407 2099 572 2191 crimus
587 2141 679 2190 xxvl.

182 2273 197 2303 ι
215 2267 306 2333 Magno
317 2258 405 2333 opere?
425 2270 455 2319 In
467 2272 535 2334 ohsp.
547 2270 579 2319 xi.
611 2269 697 2320 Cicero
708 2285 765 2320 uses
776 2278 845 2322 moto
856 2291 934 2341 opere„-

151 2337 200 2385 und
211 2334 342 2382 elsewhere
353 2335 428 2383 oitnio
439 2351 525 2400 opem
542 2343 629 2399 qrtooto
635 2351 710 2399 opere.

184 2401 197 2454 t
214 2399 365 2448 DeSoerote.
396 2401 480 2448 “Hoeo
496 2415 572 2461 usque
592 2416 621 2448 eo
637 2400 747 2450 animum
765 2401 876 2453 Socratis
891 2419 933 2453 nou

151 2471 286 2523 moverunt,
297 2471 324 2512 ut
339 2480 370 2512 ns
381 2464 474 2513 vultum
485 2465 582 2528 quidem
599 2466 725 2514 moverint
758 2466 832 2516 mom
843 2471 934 2519 mirabi-

151 2533 200 2582 lem
212 2531 308 2580 loudsm
324 2535 349 2578 et
360 2527 513 2594 iurgtdnrem
529 2545 605 2591 usque
621 2531 652 2578 ed
667 2538 804 2580 extremum
822 2536 935 2585 seruerit:

152 2613 201 2646 non
213 2595 352 2646 hilariorem
362 2595 498 2656 quisquam,
508 2607 559 2642 non
574 2595 713 2655 tristiorem,
729 2596 856 2648 Socratem
867 2601 935 2657 eiditt

152 2661 253 2722 aeqttolis
264 2659 310 2709 thir
321 2660 347 2708 in
358 2665 426 2713 tm
436 2658 600 2720 inequalitoe
616 2658 742 2710 sortunae.”
774 2659 839 2711 Plin.
850 2666 893 2715 vii.
904 2666 935 2715 18.

184 2725 237 2775 tc.
248 2725 330 2774 Lolio.
363 2721 424 2773 Vide
441 2715 509 2785 thep.
520 2738 576 2772 xxx.
609 2723 701 2784 “Mitis
717 2724 838 2788 sepientis
853 2729 934 2780 lati?

150 2785 213 2836 Hor.
233 2790 273 2839 lib.
291 2790 316 2839 ii.
331 2789 410 2840 Sati„
427 2788 464 2837 72.
496 2787 559 2836 This
578 2803 630 2836 wne
648 2789 690 2838 the
711 2803 824 2854 younger
841 2791 935 2852 [mlius

149 2853 274 2908 grandson
285 2854 315 2902 os
326 2855 366 2902 the
376 2853 476 2910 Consul,
486 2853 518 2900 A.
529 2852 560 2902 U.
569 2851 598 2900 C.
608 2849 663 2900 56³.
