1984 3276
111 231 112 234 Ἴ
130 179 169 234 tt
414 177 461 224 ea
479 173 631 222 ormcns.

132 321 271 394 permissu
298 317 405 374 exisset
428 315 462 374 de
490 316 598 381 castris,
619 315 701 373 rediit
720 315 819 392 paullo
848 325 939 393 post,

132 398 208 469 quod
234 415 265 452 se
289 396 404 452 oblitum
433 395 530 450 nescio
552 393 619 466 quid
646 394 758 452 diceret.
802 395 939 454 Deinde

133 492 291 551 egressuse
312 473 420 540 castris,
439 473 503 548 jure
519 473 640 548 jurando
651 491 681 530 se
697 474 825 530 solutum
844 484 937 549 puta·

132 555 187 610 bat.
226 551 267 628 Et
279 561 336 608 erat
349 552 451 619 verbis,
472 569 501 607 re
514 560 648 608 nouerat
690 552 812 627 Semper
826 562 934 609 autem

132 631 161 687 in
176 629 241 696 fide,
257 629 323 701 quid
344 631 479 695 senseris,
501 647 558 686 non
579 629 644 701 quid
660 627 775 695 dixeris,
792 632 934 706 cogitan-

132 707 208 764 dum.
250 708 410 766 Maximum
424 718 516 766 autem
530 708 691 782 exemplum
706 717 749 764 est
758 709 891 784 justitiae
902 710 932 766 in

133 786 243 844 hostem
266 805 282 842 a
301 787 453 862 majoribus
474 787 576 842 nostris
598 786 790 852 constitutum,
814 805 891 845 cum
915 807 931 842 a

132 864 243 939 Pyrrho
257 864 372 941 perfuga
386 865 496 922 senatui
510 873 554 920 est
566 863 717 938 pollicitus,
730 883 760 920 se
772 883 928 931 venenum

132 942 191 1017 regi
206 942 342 1011 daturum,
366 941 409 1019 [et
425 961 490 998 eum
504 940 711 1020 necaturum].*
751 943 884 1001 Senatus
901 953 929 1000 et

133 1019 169 1076 C.
191 1021 336 1078 Fabricius
365 1019 649 1096 perfugam'Pyrrho
677 1019 776 1082 dediti
818 1021 926 1082 Itane

132 1097 221 1170 hostis
236 1098 360 1170 quidem,
375 1108 403 1155 et
416 1098 548 1174 potentis,
559 1106 588 1154 et
598 1097 699 1154 bellum
712 1098 784 1156 ultro
794 1099 926 1158 inferen·
968 1141 973 1168 .

132 1175 178 1241 tis,
194 1177 345 1244 interitum,
361 1195 424 1233 cum
439 1173 544 1233 scelere
559 1173 749 1253 approbavit]
966 1193 973 1259 p

171 1255 213 1311 Ac
227 1254 261 1311 da
276 1255 382 1312 bellicis
397 1253 509 1326 quidem
531 1254 631 1310 officiis
646 1255 713 1310 satis
733 1254 841 1313 dictum
867 1267 923 1315 est.
972 1297 973 1304 .

133 1331 348 1390 Meminerimus
363 1342 464 1398 autem,
479 1333 563 1388 etiam
577 1331 709 1388 adversus
723 1332 839 1391 infimos
857 1336 922 1411 jus·

131 1409 220 1467 titiam
241 1429 304 1468 esse
328 1410 501 1472 servandam.
541 1409 596 1466 Est
614 1420 706 1466 autem
727 1410 826 1468 infima
851 1433 921 1474 cou-

130 1481 201 1545 ditio
216 1498 244 1546 et
257 1488 367 1547 fortuna
381 1506 535 1555 servorum,
551 1487 663 1560 quibus,
678 1507 735 1545 non
749 1489 823 1546 male
846 1510 921 1568 prae-

132 1566 250 1642 cipiunt,
266 1569 313 1640 qui
329 1569 366 1624 ita
375 1567 476 1643 jubent
488 1567 538 1633 uti,
550 1576 583 1623 ut
594 1567 783 1647 mercenariisj
797 1585 917 1645 operam

131 1645 310 1722 exigendam,
321 1647 398 1722 justa
411 1644 566 1722 prebenda.

172 1723 247 1780 Cum
261 1736 353 1782 autem
374 1723 482 1782 duobus
503 1721 605 1790 modis,
620 1721 648 1780 id
674 1733 726 1790 est,
748 1732 796 1781 aut
814 1725 853 1795 vi,
870 1738 917 1786 aut

132 1797 237 1878 fraude,
259 1803 307 1858 fiat
327 1803 444 1877 injuria;
472 1801 547 1857 fraus
568 1801 649 1872 quasi
674 1801 837 1877 vulpeculae,
858 1807 914 1875 vis,

132 1875 222 1934 leonis
236 1878 362 1935 videtur:
395 1888 543 1949 utrumque
563 1877 678 1936 homine
699 1881 913 1954 alienissimum,
947 1881 950 1888 ’
972 1873 973 1892 ’

968 1937 973 2008 l

133 2067 182 2108 met
194 2061 250 2108 with
263 2076 279 2108 a
290 2077 346 2110 rare
354 2064 431 2123 word,
440 2061 498 2123 they
510 2063 802 2115 sometimessubstituted
811 2073 912 2121 another

132 2125 162 2170 oi
169 2125 233 2170 their
243 2141 306 2171 own.
339 2125 468 2174 Suetonius
486 2127 579 2188 Caesar,
590 2143 612 2175 c.
625 2129 664 2178 72.
680 2133 730 2177 hed
746 2133 799 2179 said
810 2133 911 2184 deverto-

129 2185 201 2246 rrhlo,
213 2189 291 2234 which
308 2190 352 2236 hus
371 2192 432 2236 been
451 2191 544 2237 altered
560 2200 586 2238 to
605 2191 742 2254 deversorio.
762 2197 789 2242 ln
807 2197 910 2246 Cicero'a

132 2251 180 2309 Ep.
193 2250 235 2296 lib.
248 2252 281 2298 ix.
293 2253 342 2312 Ep.
359 2269 382 2300 x.
393 2269 408 2300 a
424 2269 529 2314 passage
547 2268 633 2302 occurs
653 2258 731 2304 which
750 2260 793 2308 haa
809 2263 909 2320 puzaled

132 2321 329 2376 commentatore,
341 2317 391 2367 “,et
404 2317 538 2376 ingentium
551 2320 660 2366 cularum
672 2334 727 2367 cum
750 2322 841 2382 Sophia
852 2325 909 2386 Sep·

130 2377 232 2423 timioe.”
265 2379 332 2438 This,
340 2379 363 2426 J.
377 2379 414 2428 Μ’.
426 2381 566 2440 Heusinger
577 2392 696 2444 suggests,
707 2400 764 2446 may
777 2388 837 2434 huie
849 2390 907 2436 been
971 2379 973 2464 1

131 2441 263 2502 originally
277 2443 370 2489 written
374 2441 605 2506 jocatiunculurum.

164 2505 177 2533 '
191 2505 288 2554 Etcum
298 2513 444 2555 necaturum.
476 2509 556 2554 These
569 2510 637 2556 three
645 2512 726 2558 words
738 2526 780 2560 are
792 2517 906 2574 supposed

130 2577 158 2615 to
166 2571 196 2616 be
209 2585 224 2616 u
235 2571 299 2628 gloss
311 2572 478 2630 transplanted
491 2572 554 2618 from
563 2573 603 2618 the
614 2574 719 2633 margin.
970 2525 973 2624 i

164 2637 175 2685 †
188 2633 267 2682 Dedit.
280 2635 317 2681 On
330 2636 370 2681 the
382 2635 505 2693 authority
523 2636 552 2680 os
567 2635 699 2682 Lambinus
712 2639 761 2684 end
779 2639 807 2684 os
821 2638 905 2702 Biahop

131 2693 233 2754 Pearce,
245 2697 268 2742 J.
282 2698 309 2744 F.
322 2699 460 2756 Heusinger
468 2697 534 2756 gives
546 2697 636 2744 dedidit
652 2700 690 2744 sor
701 2699 781 2756 dadin
798 2703 868 2750 which
884 2705 904 2750 ia

133 2765 175 2802 not
188 2759 262 2806 found
281 2762 304 2806 in
317 2777 364 2821 eny
378 2760 633 2818 Ms-mnnquenda
643 2769 696 2807 erat
708 2761 904 2812 Pseudo-Cicero»

129 2819 216 2876 nisus
228 2824 343 2871 latinitas.
362 2824 524 2888 (Gernhard.)
