1984 3276
310 218 369 268 ara.
381 219 399 268 r.
416 199 575 276 caa'xvrt.
811 225 848 280 53

47 381 165 424 mensa
177 362 309 420 societate
330 362 443 421 humani
464 360 574 439 generis
594 362 624 423 in
645 362 777 440 exiguum
799 383 846 422 an·

49 453 233 520 gustumque
248 441 429 498 concluditur.

97 519 181 578 Nam
196 537 259 576 cum
274 519 311 576 ait
324 519 377 576 hoc
386 529 638 576 naturacommune
650 519 841 590 animantium,

48 609 87 657 ut
101 600 227 656 habeant
239 596 391 656 lubidinem
406 597 578 671 procreandi,
588 599 804 672 primasocietas
813 600 843 658 in

50 679 124 752 ipso
136 676 275 752 conjugio
289 687 348 731 est:
371 675 500 750 proxima
510 676 539 732 in
547 675 641 732 liberis
653 695 660 732 :
682 675 782 734 deinde
791 695 846 735 una

54 753 177 822 domus,
196 753 356 810 communia
377 753 481 810 omnia.
522 752 571 830 [ld
591 766 685 830 autem¹
704 763 749 811 est
770 757 845 832 prin-

51 833 168 908 cipium
183 831 275 898 urbis,¹
285 840 312 888 et
325 831 404 902 quasi
425 831 606 888 seminarium
632 832 673 890 rei
697 831 843 912 publium]

54 911 227 982 Sequuntur
247 909 358 967 fratrum
379 909 600 984 conjunctiones,
622 919 687 984 post
703 912 854 970 consobri-

54 988 514 1060 norumtaohriuorumquezflqut
535 1006 598 1044 eum
621 988 773 1047 unado‘mo
783 990 843 1066 jam

55 1067 125 1142 capi
138 1081 197 1124 non
212 1066 373 1142 possimis
389 1066 457 1123 alias
477 1065 586 1131 domus,
603 1076 742 1138 tamquam
756 1067 786 1124 in
797 1085 842 1125 co-

56 1145 154 1203 lonias
168 1155 282 1202 exeunt.
320 1143 482 1216 Sequuntur
494 1145 632 1202 connubia
643 1156 671 1200 et
682 1144 843 1204 affinitates:

56 1241 97 1280 ex
112 1223 215 1295 quibus
230 1223 314 1280 etiam
328 1221 421 1297 plures
442 1222 603 1300 propinqui.
646 1220 732 1299 [Quae
747 1241 846 1300 propa-

58 1302 147 1376 gatio,
165 1313 194 1358 et
213 1301 334 1366 suboles,
356 1301 435 1376 origo
455 1310 499 1357 est
517 1319 609 1358 rerum
632 1301 803 1376 publicarum
814 1301 843 1380 Τ]

59 1379 214 1452 Sanguinis
228 1388 318 1434 antem
334 1379 503 1454 conjunctio,
520 1379 713 1436 benevolentia
724 1378 846 1438 devincit

59 1453 194 1510 homines
214 1465 242 1510 et
261 1455 380 1510 caritate.
421 1457 557 1531 Magnum
580 1465 624 1513 est
645 1457 719 1513 enim
736 1457 841 1519 eadem

61 1529 166 1588 habere
175 1540 353 1586 monumenta
362 1533 508 1606 majorum,
518 1533 624 1590 eisdem
636 1534 677 1590 uti
691 1535 788 1600 sacris,
800 1551 844 1592 se·

62 1609 160 1684 pulcra
173 1607 274 1664 habere
289 1609 458 1665 communia.

103 1684 160 1744 sed
174 1685 300 1742 omniurn
320 1683 483 1740 societatum
503 1684 579 1742 nulla
598 1683 770 1758 prestantior
789 1695 842 1754 est,

62 1766 139 1826 nulla
151 1763 266 1830 tirmior,
282 1780 365 1834 quam
380 1779 443 1818 cum
458 1761 511 1818 viri
532 1762 608 1828 boni,
624 1761 747 1826 moribus
768 1763 844 1821 simi·

62 1839 543 1916 les,suntfamiliaritateconjancti.
572 1838 728 1910 llludepim
740 1839 842 1899 hones·

64 1933 124 1984 tum
138 1918 226 2000 (quod
239 1937 315 1997 sape
336 1917 468 1996 dicimus)
490 1915 573 1978 otiaiu
588 1918 613 1976 si
633 1918 663 1976 in
682 1918 736 1978 alio
754 1921 843 1978 cerni·

96 2113 109 2143 ’
129 2109 332 2160 vuarchinnam.
365 2109 417 2157 The
436 2116 497 2158 term
515 2108 648 2159 consobrini
659 2125 709 2158 was
721 2113 840 2176 probably

64 2173 116 2225 first
126 2176 221 2236 applied
233 2183 258 2221 to
270 2176 379 2222 children
391 2174 524 2232 uisistars3
542 2175 611 2235 qussi
621 2174 771 2224 consororini.
799 2179 840 2227 Su·

66 2239 127 2292 heirai
138 2241 227 2286 arethe
238 2239 347 2298 children
359 2239 388 2283 oi
395 2233 535 2286 consobrini.
569 2239 596 2286 ln
606 2237 653 2284 this
665 2253 777 2299 passage,
790 2245 838 2290 and

66 2306 197 2360 elsewhere,
217 2304 257 2348 the
274 2311 334 2348 term
356 2301 489 2350 consobrini
500 2302 519 2348 is
536 2303 611 2348 taken
629 2301 654 2347 in
671 2317 702 2349 sn
718 2307 839 2354 extended

66 2383 140 2428 sense,
150 2366 356 2428 comprehending
365 2366 405 2411 the
417 2365 565 2412 childradus
573 2367 684 2413 brothers
695 2368 838 2429 (patrueles)

68 2449 94 2480 aa
106 2432 156 2478 well
168 2444 194 2477 as
205 2430 323 2476 assistere
334 2443 340 2484 ;
358 2429 390 2474 ait
402 2428 453 2474 first
465 2429 578 2476 cousins:
594 2427 692 2488 rotant,
704 2431 744 2476 the
756 2427 835 2492 grand

67 2496 167 2544 children
186 2495 215 2538 oi
227 2494 296 2549 each,
313 2493 403 2538 second
418 2493 521 2540 cousins.
556 2492 604 2538 rra
627 2493 708 2554 Liger.
719 2507 740 2539 c.
752 2493 777 2539 4.
808 2495 837 2542 Τ.

69 2559 182 2607 Brocchus
195 2557 214 2600 is
225 2557 304 2604 called
316 2553 469 2604 consobrinus
482 2563 508 2602 to
520 2555 643 2617 Ligarius,
655 2558 696 2604 the
707 2555 799 2604 fathers
810 2559 840 2604 ot⁴

8 2653 18 2668 t
68 2621 126 2670 each
136 2621 203 2678 being
216 2620 335 2665 brothers.

100 2683 279 2739 iPablicurrsm.
312 2683 390 2728 ‘l'hesa
401 2691 449 2728 two
465 2690 591 2729 sentences
612 2681 694 2728 within
712 2681 835 2743 brackets,

71 2747 194 2800 Faceiolati
218 2747 266 2791 had
285 2747 440 2804 prononnced
460 2754 484 2789 to
505 2747 534 2791 be
553 2745 672 2804 spurious.
704 2745 834 2806 Gernhqrd

6 2837 8 2862 t
72 2825 173 2864 concurs.
203 2809 255 2854 The
271 2809 336 2855 train
347 2812 376 2854 oi
393 2809 522 2868 reasoning
534 2809 554 2855 is
570 2808 750 2870 unuecessarily
763 2809 834 2856 inter.

73 2876 152 2938 rupted
163 2875 195 2932 by
208 2873 281 2917 them.
417 2935 450 2989 δ’
