1970 3272
146 210 203 267 196
423 208 471 258 DE
489 205 641 258 omens.

146 451 235 512 cAP.
251 450 347 510 XXII.
382 447 577 508 Abstinentiae
600 443 751 526 conopia.-
776 445 941 526 rempubli-

184 547 249 588 cam
270 527 395 606 questui
418 528 522 588 habere
543 535 626 605 turpe
640 534 668 584 et
686 525 839 604 nefarium
854 543 940 584 ecee.-

184 607 294 666 eioium
307 607 383 667 bono
396 605 562 677 adimendo,
574 602 940 686 labefactomsundamcn·

183 692 215 744 ta
229 685 400 764 reipublice.

185 815 309 876 Lunum
323 815 487 875 Africanum
503 815 674 881 Paneiou*
688 811 764 886 quod
784 813 875 872 fuerit
894 814 939 872 uh

146 895 264 954 atinent.
305 894 381 960 Quid
392 895 422 954 ni
432 893 548 952 laudett
577 892 629 952 ted
642 894 672 952 in
685 893 735 952 illo
749 891 804 950 olio
817 893 940 970 majore.

146 972 222 1031 Luue
248 973 431 1040 abstinentie,
454 991 512 1032 uon
538 971 663 1030 hominis
684 980 729 1030 oet
753 970 863 1039 colum,
888 971 938 1030 ned

53 1056 58 1066 '
100 1082 103 1090 ·
147 1051 232 1110 etiam
258 1061 418 1126 temporum
448 1051 570 1108 illomm.
625 1049 713 1108 Omni
740 1047 937 1116 Macedonum

147 1147 226 1204 guno,
241 1147 303 1202 quae
317 1128 370 1186 fuit
382 1129 515 1196 maximo,
530 1128 636 1205 potitus
650 1127 766 1187 Paullus
781 1136 894 1187 tantum
908 1132 937 1187 in

148 1207 274 1265 emnium
299 1207 425 1282 pecunie
450 1209 569 1274 invexit,
591 1216 623 1266 ut
648 1207 733 1265 unius
756 1206 938 1281 imperatoris

207 1284 242 1342 da
265 1286 352 1344 tinem
374 1286 494 1344 attulerit
514 1287 679 1344 tributorum
692 1284 715 1348 :†
742 1294 770 1342 at
792 1281 843 1343 hic
866 1285 939 1344 nihil

167 1381 264 1422 omum
284 1383 363 1423 suam
386 1375 487 1442 preter
505 1363 671 1423 memoriam
692 1361 816 1421 nominis
831 1367 939 1442 sempi-

147 1450 255 1502 temam
267 1442 373 1502 detulit.
414 1443 541 1502 Imitatus
555 1451 663 1521 patrem
674 1441 835 1510 Africanus,
845 1444 940 1502 nihilo

149 1519 326 1598 locupletior,
342 1521 513 1602 Carthagine
535 1540 642 1580 evorea.
684 1519 783 1588 Quitt
812 1522 865 1594 qui
879 1523 942 1598 ejus

150 1599 258 1678 collega
278 1600 331 1659 fuit
351 1601 381 1659 in
403 1619 532 1670 censura,
554 1600 589 1659 L.
609 1599 779 1666 Mummius,
800 1600 943 1673 numquid

151 1679 303 1756 copiosior,
332 1697 397 1740 oum
425 1680 653 1758 copiosissimam
680 1678 779 1736 urbem
814 1677 941 1736 funditus

150 1757 333 1818 sustulissetl
360 1757 469 1818 ltaliam
490 1775 599 1828 ornare,
615 1775 699 1832 quam
713 1755 833 1816 domum
846 1775 938 1825 suam,

388 1991 392 1997 ¹
414 1929 577 1980 cuuuunn
594 1930 672 1980 xxu.

184 2039 199 2070 ⁸
215 2033 350 2086 Panotios.
381 2035 422 2086 Hc
433 2037 613 2102 nocompcnicd,
623 2055 652 2088 ne
661 2056 678 2088 n
687 2038 775 2098 trient,
782 2037 868 2103 Scipio
878 2041 938 2091 Afri·

152 2115 228 2149 eunus
239 2101 280 2150 the
290 2117 409 2166 younger,
420 2101 447 2151 in
463 2103 556 2152 several
571 2104 721 2170 cumpcigne.
752 2103 807 2154 'l'hc
818 2105 892 2156 letter
907 2122 939 2155 rc·

152 2165 232 2214 ceiveo
242 2166 305 2214 from
317 2165 459 2217 Peniculus
473 2169 523 2217 thie
538 2168 599 2233 high
610 2169 766 2218 encomium:
782 2170 825 2232 qui
836 2170 900 2220 ttiltil
915 2173 940 2219 in

154 2230 262 2279 citoniei
272 2229 424 2282 laudandum
430 2240 474 2282 out
479 2233 550 2297 fecit,
560 2240 604 2283 aut
615 2233 687 2293 dizit,
695 2242 739 2282 aut
747 2235 832 2283 occeio

186 2294 197 2347 ῐ
214 2293 554 2360 Immotis-ottocarum.
593 2297 622 2347 L.
638 2299 756 2349 AEmiliue
773 2298 877 2350 Paullus
893 2316 940 2350 ω

153 2359 231 2410 father
242 2359 319 2410 ofthe
329 2375 439 2436 youngen
450 2362 532 2426 Scipio
539 2364 629 2413 nnmctl
640 2363 667 2412 iu
677 2364 718 2414 the
729 2364 777 2412 lost
784 2371 850 2424 note,
861 2365 940 2429 adopt

155 2427 187 2476 ed
208 2425 260 2474 into
276 2425 318 2475 the
336 2421 419 2488 Scipuo
434 2426 526 2492 fnmily.
559 2427 591 2478 ln
609 2427 651 2478 the
668 2428 768 2478 fotheu’e
783 2430 898 2490 conduct,
916 2446 941 2480 u

154 2491 241 2540 Cicero
258 2489 397 2540 mercam
414 2493 498 2542 observ
550 2493 592 2542 the
608 2509 653 2542 oon
672 2493 747 2542 found
762 2493 803 2542 thc
820 2495 903 2544 model
919 2493 945 2544 ot'

155 2556 379 2606 disintoreetcdness
389 2556 470 2606 which
481 2508 641 2606 hilollowed„
673 2557 728 2607 The
739 2555 850 2607 Romans
861 2562 941 2625 en'oy-

154 2623 186 2670 ed
196 2623 245 2672 thio
256 2621 393 2685 exemption
404 2620 467 2670 from
478 2621 586 2670 toxotion
597 2621 633 2670 for
644 2622 718 2670 about
729 2621 775 2671 125
786 2638 867 2685 years,

153 2686 196 2733 tho
213 2688 273 2736 timo
290 2687 320 2735 of
332 2686 395 2735 their
412 2687 513 2750 plundcr
531 2685 561 2734 ol'
572 2685 717 2734 Macedonio
732 2686 810 2736 under
826 2687 943 2738 AEmitiui

154 2748 262 2812 Pnullue,
272 2751 335 2800 until
352 2751 393 2800 tho
410 2752 532 2800 comtulote
542 2749 573 2799 of
585 2750 682 2799 Hirtius
693 2751 741 2799 und
758 2749 848 2810 Panna,
859 2753 887 2802 in
903 2755 942 2802 the

154 2827 214 2874 your
231 2823 290 2865 next
306 2817 430 2882 following
441 2817 494 2866 thot
510 2817 536 2864 in
548 2814 629 2864 which
644 2815 686 2864 tho
697 2821 795 2878 present
805 2817 876 2866 work
893 2835 943 2868 wus

155 2881 290 2940 composed.
322 2880 385 2931 Plut
394 2882 420 2931 in
429 2881 531 2931 AEmilio
541 2879 632 2932 Paullo
665 2879 725 2929 Vell.
736 2879 831 2930 Petere.
844 2881 860 2931 i.
871 2882 895 2932 9.
