1970 3272
304 201 369 255 tht.
379 199 413 256 ΙΙ.
431 205 507 256 ΟΔΡ.
519 205 589 256 ΧΧΙ.
799 209 850 264 let

60 459 157 518 GAP.
178 461 259 518 XXI.
305 459 468 520 Videndum
482 470 525 520 eet
538 462 565 521 ei
574 463 630 556 peti
642 457 851 539 rempublicam

14 537 15 542 ’
104 538 336 608 administrabit,
358 547 393 597 ut
417 557 505 598 ouum
529 559 650 618 qunque
672 546 788 598 teneat:
815 557 852 598 nc

104 617 250 676 tributum
270 617 311 676 eit
332 616 535 696 conserendum
545 627 618 698 ,gut
642 637 740 677 rernm
759 635 852 678 necee-

105 695 257 754 eoriorum
271 695 311 754 eit
325 696 416 775 copia.
910 699 915 710 “

106 852 169 907 Son
183 852 314 922 quoniam
328 852 363 910 de
377 869 412 910 eo
422 870 524 928 genere
535 851 733 911 beneficionlm
746 852 851 912 dictum

58 939 112 986 cst
125 947 187 1000 quoe
202 929 235 986 ad
249 931 376 1006 singulos
391 941 526 1008 spectent,
542 931 675 1008 deinceps
690 930 725 988 de
739 931 774 988 iis
789 949 851 1004 quae

59 1006 100 1063 ad
116 1007 272 1076 universos,
287 1027 404 1082 quaeque
419 1009 452 1067 ad
467 1029 526 1068 rem
541 1010 682 1086 publicam
702 1009 850 1086 pertinent,

59 1084 264 1158 disputandum
285 1096 336 1145 est.
376 1088 484 1146 Eorum
505 1099 598 1146 autem
612 1089 736 1165 ipsorum
751 1089 852 1164 partim

58 1163 205 1240 ejusmodi
227 1176 301 1233 sunt,
316 1176 347 1222 ut
369 1165 402 1222 ad
427 1167 573 1224 universos
596 1167 672 1223 cives
686 1167 851 1242 pertineant,

58 1241 166 1318 partim
193 1244 320 1320 singulos
347 1255 378 1300 ut
404 1244 547 1319 attingant,
575 1262 637 1314 quae
670 1253 736 1301 eunt
768 1244 852 1302 etiem

57 1320 193 1396 gratiore.
234 1319 335 1377 Danda
361 1338 446 1394 opera
473 1329 517 1376 est
543 1323 668 1387 omnino,
697 1321 722 1376 ei
750 1322 850 1397 possit,

57 1397 201 1467 utrisque,
216 1416 269 1454 nec
284 1398 386 1462 minus,
399 1409 430 1453 ut
442 1397 526 1454 etiam
541 1397 659 1473 cing-ulis
673 1399 850 1457 consulatur:

58 1473 115 1533 sed
137 1474 184 1539 ita,
198 1485 276 1530 ntea
290 1493 334 1529 res
349 1484 396 1530 aut
409 1476 506 1548 prosit,
522 1485 568 1530 aut
581 1485 655 1532 certe
668 1493 705 1532 ne
724 1476 799 1532 obsit
810 1477 852 1533 rei

58 1549 195 1631 publicae.
237 1549 273 1606 O.
303 1551 443 1608 Gracchi*
467 1551 646 1608 frumentaria
671 1567 773 1626 magna
799 1553 851 1609 lar·

59 1630 153 1708 giti03
183 1627 363 1685 exhauriebat
390 1627 474 1703 igitur
498 1628 640 1684 aerorium:
668 1627 780 1684 modica
806 1627 849 1686 M.

61 1707 188 1775 Octavii,
200 1718 229 1764 et
241 1707 282 1763 rei
298 1704 416 1780 publicae
427 1704 588 1770 tolerabilis,
600 1713 628 1760 et
638 1705 713 1779 plebi
725 1722 851 1762 necessa·

60 1789 115 1846 ria.
157 1786 237 1860 Ergo
250 1795 279 1841 et
291 1783 411 1849 civibus,
426 1791 455 1838 et
468 1783 508 1839 rei
522 1781 640 1857 publicae
656 1769 794 1838 soluturis.

104 1864 138 1922 In
166 1863 265 1940 primis
291 1871 382 1919 autem
410 1860 560 1918 videndum
586 1860 639 1916 crit
662 1859 698 1925 ei,
720 1859 768 1930 qui
792 1879 851 1918 rem

62 1942 207 2020 publicam
230 1940 440 2006 administrabit,
455 1949 486 1997 ut
505 1957 588 1996 suum
610 1937 730 2009 quisque
750 1947 852 2006 teneat,

62 2037 158 2093 neque
169 2019 203 2078 de
214 2020 296 2078 bonis
309 2019 478 2096 privatorum
492 2016 603 2095 publice
615 2015 769 2074 deminutio
780 2016 852 2080 finti

339 2259 502 2313 CHAPTER
517 2257 585 2308 xxl.

99 2415 113 2446 ⁸
132 2412 160 2461 0.
174 2411 285 2462 Gracchi.
318 2411 356 2473 By
368 2410 409 2458 the
420 2402 580 2478 Sempronipn
592 2401 646 2462 lew,
657 2405 773 2466 proposed
784 2405 816 2470 by
824 2404 853 2453 C.

64 2477 199 2536 Gracchus,
209 2480 240 2527 Α.
251 2478 282 2526 U.
292 2475 320 2525 G.
332 2475 387 2533 630,
398 2489 457 2523 corn
468 2486 519 2520 wne
530 2468 634 2516 dtrcctod
643 2475 668 2516 to
679 2469 708 2516 be
719 2469 853 2530 purchased

65 2547 92 2590 nt
111 2541 152 2589 the
171 2543 252 2604 publio
271 2541 368 2605 charge,
388 2533 436 2588 end
456 2532 597 2584 distnibutcd
618 2538 643 2606 nt
665 2533 768 2582 reduced
789 2540 853 2582 retes

66 2621 158 2669 among
173 2608 213 2654 the
229 2621 313 2669 poorer
324 2605 435 2653 citizens:
452 2600 491 2650 hie
502 2597 625 2660 oollccguc
637 2611 662 2642 tn
673 2597 715 2671 tile
724 2598 853 2671 tribpnntc,

68 2670 104 2718 M.
116 2669 238 2728 Octavius,
249 2671 352 2732 opposed
367 2669 416 2717 this
433 2667 489 2724 lew,
500 2663 548 2712 end
566 2661 697 2710 euceeeded
708 2676 734 2708 1n
745 2661 822 2726 finng
838 2679 853 2712 a

67 2735 94 2784 hi
112 2733 156 2782 her
168 2735 240 2796 price,
252 2741 277 2782 at
288 2735 368 2782 which
379 2733 419 2782 the
430 2747 489 2781 corn
501 2743 551 2778 wne
563 2733 589 2774 to
600 2725 629 2774 be
640 2723 788 2798 dietriituped.

94 2751 369 2861 iiiique-deminutio
371 2794 500 2861 stantiae
508 2792 581 2856 tiepr
610 2789 697 2854 cnyoi
776 2789 799 2800 ''
833 2789 851 2810 '-

68 2862 155 2914 edocid
166 2869 205 2913 not
215 2861 240 2911 bc
253 2861 363 2923 invaded,
371 2861 449 2912 under
456 2857 539 2926 public
550 2872 565 2906 a
609 2855 675 2922 oeitp.
