1978 3268
338 235 459 284 unm.
478 235 601 286 caux.
801 241 859 297 237

114 377 153 434 At
173 375 203 434 in
225 395 259 435 eo
276 395 354 456 rege,
369 378 417 450 qui
437 379 533 436 urbem
556 379 690 446 condidit,
705 397 762 438 non
782 380 860 438 item.

72 455 192 533 Species
213 457 288 514 enim
309 457 435 512 utilitatis
454 458 578 514 animum
593 458 700 536 pepulit
713 459 791 535 ejus:
814 460 860 516 cui

72 552 139 591 cum
154 534 245 591 visum
261 545 337 592 esset
349 535 454 600 utilius,
469 535 571 601 solum,
586 555 669 608 quam
689 555 754 594 cum
774 538 859 595 altero

71 631 199 690 regnare,
214 613 325 669 fratrem
349 612 496 668 interemit.
537 612 641 670 Omisit
660 616 707 672 hic
728 626 756 672 et
774 617 860 692 picta·

72 699 142 758 tem,
157 701 186 749 et
195 691 407 756 humanitatem,
422 699 452 747 ut
471 689 509 756 id,
525 691 600 761 quod
619 692 686 750 utile
706 694 858 761 videbatur,
919 687 925 700 '

71 788 166 842 neque
200 781 268 834 erat,
297 769 409 840 assequi
443 779 554 844 posset:
590 779 618 826 et
650 779 741 828 tamen
770 773 859 830 muri*

70 866 201 905 caussam
223 847 365 924 opposuit,
380 847 504 922 speciem
519 847 673 904 honestatis
692 867 782 921 neque
796 869 860 926 pro·

70 925 205 992 babilem,
217 943 270 982 nec
284 943 350 982 sane
363 925 501 982 idoneam.
518 917 528 934 ⁸
544 926 676 984 Peccavit
686 926 777 1004 igitur,
790 947 859 1004 pace
895 943 904 950 ·

70 1003 118 1062 vel
134 1003 269 1070 Quirinii
282 1004 326 1062 vel
341 1003 465 1072 Romuli,
482 1004 610 1062 dixerim.

113 1081 177 1138 Nec
200 1093 291 1140 tamen
310 1095 411 1140 nostrae
438 1084 518 1140 nobis
543 1083 674 1140 utilitates
699 1082 859 1142 omittendae

71 1169 148 1226 sunt,
163 1159 280 1233 aliisque
305 1161 454 1227 tradendae,
477 1179 541 1217 cum
562 1162 608 1218 his
629 1162 686 1234 ipsi
707 1181 858 1238 egeamus;

71 1237 124 1294 sed
139 1255 195 1294 suae
210 1240 310 1311 cuique
324 1239 445 1305 utilitati,
461 1237 536 1310 quod
549 1239 610 1296 sine
625 1239 736 1296 alterius
759 1241 860 1318 injuria

71 1315 132 1384 fiat,
161 1317 338 1374 serviendum
375 1325 427 1373 est.
483 1317 559 1372 Scite
595 1315 804 1392 Chrysippus,‡
830 1327 861 1376 ut

72 1394 173 1452 multa.
215 1394 271 1459 Qui
293 1393 423 1461 stadium,
439 1394 540 1465 inquit,
556 1395 649 1460 currit,
673 1395 741 1451 eniti
755 1405 783 1452 et
796 1413 862 1453 con·

69 1471 187 1529 tendere
212 1471 302 1537 debet,
324 1490 408 1542 quam
427 1473 551 1528 maxime
571 1472 670 1548 possit,
694 1483 726 1529 ut
752 1473 858 1530 vincat:

69 1549 252 1625 supplantare
279 1565 354 1612 eum,
376 1550 491 1620 quicum
518 1559 612 1616 certet,
634 1559 681 1606 aut
704 1568 789 1606 manu
814 1549 861 1606 de·

70 1628 188 1706 pellere,
200 1625 277 1684 nullo
291 1625 375 1684 modo
389 1625 480 1683 debet.
521 1627 569 1682 Sic
583 1627 612 1683 in
623 1627 680 1683 vita
696 1627 751 1683 sibi
765 1644 861 1698 quem·

71 1724 128 1780 que
143 1716 248 1782 petere,
263 1703 338 1776 quod
355 1705 492 1780 pertineat
503 1703 536 1760 ad
551 1723 645 1772 usum,
659 1723 717 1762 non
732 1704 860 1776 iniquum

71 1795 131 1842 est:
155 1784 233 1841 alteri
247 1783 385 1860 deripere,
397 1783 445 1858 jus
461 1801 516 1839 non
532 1793 584 1839 est.
715 1850 720 1859 ἱ

112 1861 241 1922 Maxime
252 1872 344 1920 autem
356 1862 549 1938 perturbantur
560 1858 661 1926 officia,
671 1860 700 1918 in
712 1859 860 1918 amicitiis:

72 1942 174 2013 quibus
196 1951 225 2000 et
245 1959 302 2000 non
322 1940 451 2008 tribuere,
467 1937 543 2012 quod
555 1946 629 1996 recte
644 1940 748 2014 possis,
763 1947 792 1996 ct
815 1939 862 1998 tri·

73 2020 168 2086 bucre,
183 2019 258 2092 quod
280 2037 337 2077 non
359 2019 397 2076 sit
418 2036 540 2090 aequum,
555 2028 651 2074 contra
668 2017 791 2075 officium
807 2027 859 2076 cat.

74 2097 133 2155 Sed
153 2099 238 2175 hujus
258 2097 368 2174 generis
388 2097 484 2164 totius,
507 2097 591 2153 breve
614 2106 642 2152 et
664 2113 722 2153 non
746 2094 860 2154 difficile

74 2187 244 2252 preceptum
278 2185 330 2232 est.
383 2174 454 2242 Quae
494 2174 571 2232 enim
603 2173 733 2232 videntur
771 2175 860 2242 utilia,

74 2253 205 2320 honores,
220 2253 334 2321 divitiae,
355 2253 521 2330 voluptates,
542 2262 633 2310 cetera
654 2253 764 2330 generis
786 2255 861 2331 ejus·

75 2331 148 2401 dem,
173 2332 233 2390 haec
254 2332 384 2390 amicitis
401 2350 546 2403 nunquam
568 2332 762 2408 anteponenda
782 2342 860 2390 sunt.

106 2502 209 2553 'Mari
241 2503 399 2553 mnium.

104 2567 116 2620 i
133 2567 240 2628 Quirini.
271 2569 296 2617 A
313 2575 394 2618 covert
411 2567 520 2628 allusion,
537 2569 647 2632 perhaps,
663 2574 688 2616 to
707 2565 746 2614 his
764 2565 860 2614 deilica-

73 2632 141 2710 tiqnt
151 2633 367 2699 notwithstanding
378 2633 465 2692 which,
480 2634 520 2681 his
537 2634 641 2711 conduct
657 2632 678 2679 is
696 2631 813 2678 censurcd
831 2647 860 2680 es

74 2698 273 2828 mingiidijcippc.
304 2762 329 2810 A
339 2720 457 2810 tesseras
463 2760 505 2809 the
516 2726 601 2816 §tolca
610 2757 674 2806 third
684 2759 710 2806 in
718 2759 857 2807 succession

74 2826 235 2941 {offena
261 2825 310 2874 His
328 2826 409 2874 work·
428 2840 493 2874 were
514 2836 651 2872 numerous.
684 2821 756 2886 Diog.
778 2821 858 2872 Laert.
