1970 3278
338 200 595 260 Lintcnlxxx.
813 211 849 266 οι

66 371 184 430 campus
206 353 327 422 norton*
350 362 379 410 ct
399 351 494 412 studia¹
511 322 641 420 reddidi,
664 347 783 410 honesta'
802 369 851 408 ex-

66 433 162 510 emple
174 431 299 490 ludendi.
611 449 614 459 ·

70 623 159 684 OAP.
188 623 284 684 XXX.
331 622 402 694 Quot
432 624 472 682 rit
503 623 630 683 dominic
656 594 851 700 prostitutio:

108 721 172 782 quae
187 701 399 782 eeindefluant
412 703 519 784 officio:
548 703 581 762 in
601 701 711 762 cointio
724 716 853 780 magnae

109 799 170 840 esee
189 781 354 840 varietates.

110 939 171 998 Seu
185 939 305 1016 pertinet
317 939 352 996 ad
366 958 478 998 omnem
493 938 578 1004 officii
590 938 773 1012 questionem
784 955 857 994 sern-

70 1026 123 1094 per
138 1014 170 1076 in
195 1028 306 1094 promtu
325 1017 437 1084 habere,
458 1027 592 1090 quantum
611 1029 709 1075 natura
732 1016 856 1077 huminis

71 1095 409 1176 pecudibus'reliquisque
423 1097 513 1154 beluis
525 1097 677 1154 antecedat
716 1095 775 1155 tlte
782 1093 859 1154 nihil

72 1176 203 1250 sentiunt,
215 1175 271 1232 nisi
281 1176 462 1252 voluptatem,
475 1173 510 1234 ad
520 1193 637 1247 eamque
648 1175 771 1232 serunter
781 1173 858 1230 omni

72 1255 194 1330 impetn:
216 1253 350 1316 hominis·
377 1263 468 1312 eutem
498 1255 593 1325 mensi
616 1252 751 1310 discendo
777 1251 860 1308 alitur

73 1342 102 1389 et
114 1333 272 1408 cogitando,
287 1349 399 1408 semper
418 1331 582 1406 aliquidaut
596 1331 717 1404 anquirit
732 1339 781 1388 aut
791 1329 858 1408 egit,

73 1409 240 1484 videndique
255 1420 283 1467 et
296 1408 426 1468 audiendi
433 1408 621 1470 delectatione
636 1409 754 1468 ducitur.
783 1408 860 1474 Quin

74 1489 159 1546 etiam
173 1491 197 1546 si
211 1490 273 1562 quis
287 1500 330 1546 est
353 1491 446 1566 paullo
461 1489 495 1546 ud
511 1489 666 1564 voluptates
684 1485 860 1564 propensior,

74 1565 160 1625 modo
174 1586 209 1624 ne
224 1568 260 1624 sit
278 1588 314 1626 cx
329 1567 468 1645 pecudum
488 1585 589 1642 genere
611 1565 688 1642 (sunt
706 1565 782 1623 enim
802 1563 862 1636 qui-

74 1645 140 1704 dam
153 1644 282 1704 homines
296 1665 353 1705 non
366 1665 407 1714 re,
422 1645 472 1702 sed
490 1641 617 1722 nomine)
632 1643 683 1700 sed
696 1643 721 1698 ei
734 1642 796 1714 quis
819 1649 862 1698 e'st

75 1723 169 1802 paullo
183 1725 310 1793 erectior,
325 1724 452 1800 quamvis
466 1722 609 1796 voluptate
622 1721 754 1796 capiatur,
770 1717 862 1776 occul·

70 1812 113 1876 tat
125 1812 154 1859 ct
161 1801 324 1938 (plissimulat
341 1803 495 1880 appetitum
513 1799 673 1876 voluptatis,
688 1805 801 1875 propter
814 1815 860 1854 ve·

74 1900 160 1940 reeun
191 1901 245 1940 am.

74 2038 145 2102 quasi
162 2037 266 2087 civitatis
282 2022 358 2088 oculis
369 2043 483 2095 remotus,
495 2041 583 2086 cuncta
593 2033 666 2084 simul
676 2031 736 2082 vitia
747 2031 810 2082 male
821 2031 864 2082 diu

76 2103 229 2152 dissimulata
246 2105 343 2158 tandem
361 2100 489 2166 profudit.”
520 2101 619 2150 Sueten.
635 2099 717 2148 Tiber.
732 2097 771 2146 42.
804 2097 864 2147 Pro-

69 2165 179 2233 sunderc
190 2167 277 2227 moia,
288 2185 346 2233 moy
357 2183 429 2216 mean
440 2174 465 2215 to
476 2166 530 2230 give
546 2182 579 2228 up
589 2165 630 2214 the
641 2163 706 2213 reios
717 2170 742 2211 to
753 2164 793 2212 the
805 2163 864 2212 imc-

77 2234 199 2300 gination5
222 2234 305 2298 ueting
320 2233 369 2282 end
384 2231 623 2344 speakingmwithout
638 2229 764 2299 aduerting
782 2229 809 2276 in
824 2229 865 2277 the

77 2301 139 2348 leuet
154 2305 179 2348 to
196 2297 237 2350 the
250 2313 434 2362 consequences.
466 2303 480 2325 “
531 2297 582 2354 nio,
595 2295 705 2360 inteliigo
722 2294 807 2353 riuum,
818 2293 865 2343 elu-

77 2379 179 2422 morem‚
191 2370 284 2414 motum
296 2361 424 2426 corporis‚”
436 2361 484 2410 dre.
517 2359 622 2410 Ernesti.

110 2432 125 2463 ¹*
145 2427 252 2494 Cumpue
263 2436 349 2484 meter.
381 2427 435 2476 Tne
449 2425 555 2490 Campus
567 2425 673 2474 Martius
679 2441 689 2484 ,·
704 2421 731 2472 in
741 2422 823 2471 which
834 2421 866 2470 nil

78 2493 199 2544 exercises
216 2489 316 2558 tendi'ng
334 2501 359 2546 to
379 2491 520 2555 rnengrhen
537 2489 585 2538 edd
603 2491 657 2554 give
678 2488 763 2554 agility
780 2493 805 2535 to
824 2485 865 2534 tho

78 2559 173 2620 huma
183 2558 267 2618 frume,
278 2575 342 2608 were
353 2557 489 2621 constantly
500 2555 527 2604 in
537 2555 649 2618 practice.

275 2711 276 2716 =
346 2681 510 2738 cnnrrnn
525 2685 602 2735 xxx,
628 2655 630 2661 ’

114 2819 216 2875 tuton.
248 2819 313 2866 Herc
336 2801 433 2866 Ernesti
451 2823 560 2882 suspects
574 2815 626 2864 thut
644 2809 733 2876 quiuis
744 2807 865 2874 wanting:

81 2882 348 2949 meru‚quiaduceudo
358 2883 441 2932 alitur.
790 2909 796 2923 .
