1978 3268
134 215 208 287 aaa·
259 209 268 235 '
420 229 468 278 nn
485 191 638 276 osricus.

135 370 257 430 videbat.
295 369 374 429 Idem
394 388 490 428 mrsus
502 363 663 436 ridebatur,
677 383 744 424 cum
763 365 928 425 inlocum*

134 449 268 508 annulum
300 449 457 506 inverterat.
497 446 594 520 Itaque
627 447 681 504 hac
713 446 927 522 opportunitate

135 529 230 589 annuli
257 544 337 594 usus,
360 526 464 603 reginae
488 535 617 603 stuprum
642 523 745 590 intulit,
770 541 804 582 ca
832 521 927 602 [quc]

134 605 277 681 adjutrice,
287 622 381 680 regern
393 604 539 662 dominum
552 602 702 670 interemit,
712 601 838 664 sustulit
849 620 926 673 quos

134 684 243 741 obstare
263 683 456 740 arbitrabatur:
478 700 531 740 nec
551 683 581 739 in
601 681 646 739 his
666 699 732 738 cnm
751 679 926 738 facinoribus

133 761 283 832 quisquam
296 761 387 837 potuit
399 760 503 818 videre.
543 760 592 817 Sic
605 770 720 836 reponte
731 758 827 816 annuli
838 759 926 816 bene-

133 837 209 904 ficio,
220 857 274 897 rex
288 850 401 896 exortus
415 849 459 896 cst
472 837 581 914 Lydia.
622 837 708 894 Hunc
728 835 812 912 igitur
825 836 924 912 ipsum

133 916 267 974 annulum
287 917 312 973 si
333 916 433 973 habeat
445 915 569 991 sapiens,
584 914 674 972 nihilo
688 915 751 991 plus
766 915 822 971 sibi
835 915 923 971 licere

133 1005 212 1072 putet
238 1012 364 1070 peccare,
386 1012 471 1065 quarn
494 993 521 1050 si
544 1011 602 1050 non
626 992 750 1050 haberet.
791 991 925 1051 Honesta

133 1073 209 1130 enim
224 1073 306 1130 bonis
320 1071 415 1144 viris‚‡
427 1089 485 1128 non
498 1070 607 1128 occulta
620 1080 806 1142 quaeruntur..

172 1150 280 1222 annet
307 1148 363 1205 hoc
385 1148 449 1206 loco
468 1148 633 1225 philosophi
655 1147 780 1220 quidam}
802 1147 923 1206 minima

132 1227 199 1284 mali
223 1227 264 1284 illi
285 1225 409 1299 quidem,
432 1227 484 1284 sed
506 1245 563 1284 non
587 1227 655 1283 satis
676 1227 759 1294 acuti,
779 1226 876 1284 fictam
895 1236 925 1285 et

132 1305 358 1362 commenticiam
371 1305 492 1362 fabulam
506 1305 641 1381 prolatam
652 1303 749 1362 dicunt
759 1323 776 1360 a
786 1304 921 1362 Platone:

132 1383 212 1458 quasi
228 1401 293 1440 vero
308 1382 365 1450 illc,
380 1393 428 1440 aut
441 1384 544 1440 sactum
557 1382 587 1440 id
600 1399 674 1450 esse,
690 1392 737 1439 ant
756 1381 819 1440 fieri
840 1391 923 1459 potu·

132 1461 190 1518 issa
205 1460 359 1534 delendatll
401 1461 473 1518 Haec
486 1470 530 1518 est
540 1461 582 1517 vis
594 1456 786 1541 hujnsannnli
797 1469 826 1517 ct
836 1461 922 1537 hujus

133 1539 267 1616 exempli.
283 1540 308 1596 si
323 1557 407 1596 nemo
421 1540 551 1605 scitums,
567 1558 651 1596 nemo
662 1558 706 1596 nc
727 1539 920 1615 suspicaturus

131 1617 244 1690 quidem
272 1617 318 1685 sit,
347 1634 411 1674 cum
445 1617 550 1690 aliquid
580 1617 749 1685 divitiarum,
777 1617 919 1692 potentia,

131 1695 342 1764 dominationis,
364 1695 489 1754 libidinis
514 1714 614 1754 caussa
636 1695 751 1764 leocris‚'
768 1696 795 1752 si
815 1695 845 1752 id
864 1695 919 1752 diis

145 1867 326 1982 Χἰέῖἑῃὶοσιιηι.
338 1884 371 1918 sc
382 1869 424 1933 qui
440 1869 569 1918 coaceniea
584 1874 652 1927 crot,·
667 1867 721 1917 that
736 1866 878 1934 istruning
893 1867 918 1917 in

130 1948 145 1982 c
266 1968 272 1982 .
480 1967 492 1995 ⁴.

107 2000 110 2005 ’
163 1998 181 2060 't
191 1950 312 2046 Snstltlilr
323 1997 353 2046 al.
364 1995 518 2060 malitque.

163 2060 174 2112 i
191 2061 267 2108 Bonis
282 2061 351 2109 ciris.
383 2061 456 2109 Some
472 2067 667 2120 commentatore,
682 2059 836 2126 considering
851 2059 917 2109 dress

130 2125 211 2174 words
227 2141 254 2172 as
270 2124 297 2172 in
313 2125 353 2172 the
369 2125 456 2184 dative,
467 2126 515 2174 and
532 2126 558 2174 in
574 2127 738 2175 construction
753 2125 814 2175 with
831 2142 846 2174 a
862 2126 917 2172 verb

130 2188 232 2252 passius,
243 2188 325 2236 which
336 2189 358 2236 is
369 2196 412 2238 not
422 2207 480 2255 nery
492 2206 611 2249 common,
622 2191 680 2239 hare
696 2197 793 2254 suspect
803 2205 835 2244 an
845 2204 916 2237 error.
974 2207 976 2214 ·

131 2253 181 2302 But
191 2253 232 2302 the
243 2253 342 2302 obvious
353 2255 518 2304 construction
529 2271 629 2318 appears
639 2263 664 2304 to
675 2256 712 2314 be,
720 2256 747 2304 in
757 2255 799 2304 the
810 2253 914 2304 ausura

130 2317 185 2366 Ona
194 2317 248 2366 MS.
259 2318 307 2366 and
318 2318 424 2378 hutone,
436 2321 506 2368 reads
517 2319 570 2368 boati
581 2321 630 2368 ciri
641 2321 690 2369 and
701 2326 817 2384 mersat.

163 2381 278 2446 §Atque
311 2382 402 2446 Bisbop
424 2382 515 2432 Pearce
537 2385 594 2432 hera
614 2385 681 2450 gives
701 2384 784 2448 Atqui,
803 2381 916 2447 probably

130 2445 237 2512 rightly;
252 2447 294 2496 tho
328 2447 345 2495 h
356 2447 395 2496 his
406 2449 507 2513 reading
518 2448 564 2496 has
575 2456 618 2497 not
628 2451 689 2498 been
700 2449 775 2499 found
786 2447 916 2497 confirmed
945 2495 951 2506 ,

130 2512 163 2576 by
172 2528 221 2576 any
230 2511 284 2564 Ma
295 2463 371 2562 agne
382 2528 449 2562 samc
460 2513 593 2562 correction
603 2514 648 2562 has
659 2515 720 2562 boen
731 2513 833 2576 adopted
844 2513 870 2560 in
877 2512 916 2560 the

130 2583 190 2626 nort
200 2578 309 2640 cbaptcr;
324 2578 373 2626 and
383 2578 498 2643 probably
508 2577 594 2626 should
611 2579 662 2628 also
672 2579 702 2626 be
713 2578 815 2642 adopted
825 2577 852 2626 in
863 2575 890 2626 L
901 2575 916 2626 i.

17 2673 21 2680 ·
130 2655 152 2688 c.
163 2641 202 2690 40.
235 2641 314 2708 Atprte
324 2642 365 2692 hoc
376 2642 441 2691 Mem
452 2641 583 2707 Sophocles.

163 2705 174 2761 ΙΙ
192 2705 321 2770 Dssmdnt.
353 2707 477 2765 Aasmed,
487 2705 644 2754 maintained.
676 2706 747 2756 'I'hns
762 2707 792 2755 de
809 2705 876 2755 Orat
891 2704 916 2754 ii.

130 2765 169 2814 38·
201 2771 359 2822 “Carneades
369 2773 461 2822 nullam
472 2786 589 2833 umquam
600 2771 626 2822 in
635 2771 683 2820 illis
692 2771 744 2820 snis
752 2769 916 2834 disputationi·
932 2789 935 2796 ’

131 2828 175 2876 bus
185 2847 244 2904 'ram
260 2836 366 2885 defundit
381 2852 454 2899 quarn
470 2851 519 2884 non
551 2835 670 2892 robarit;''
687 2837 735 2885 and
746 2851 768 2884 c.
778 2835 818 2883 50.
850 2833 916 2883 “Sed

131 2904 243 2956 meritam
254 2914 284 2946 ac
294 2900 399 2952 debitam
410 2900 484 2950 titisse
495 2901 525 2950 dc
548 2900 653 2950 nderis.”
