1978 3268
122 225 179 280 300
401 221 449 268 us
467 218 620 268 osricus.
674 231 678 240 v

162 367 230 425 Non
251 364 328 422 enim
351 361 575 436 summimus,
599 359 741 436 perjurare
761 365 825 427 est3
850 357 916 426 sed,

124 444 199 518 quod
214 463 253 502 ux
266 457 354 499 erum
365 457 416 497 nur
429 455 599 502 sssrnu‘rm
606 437 719 515 juraris,
731 436 805 493 sieut
817 437 917 495 verbis

124 523 282 598 concipitur
294 537 373 576 more
385 520 509 582 nostem*
524 517 552 574 id
567 535 625 575 non
644 516 745 583 faeere,
757 515 917 592 perjurium

122 611 177 659 est.
218 599 295 654 Scite
310 597 387 654 enim
399 594 553 671 Euripides
566 595 589 657 :†

200 709 300 769 Juravi
313 709 419 787 lingua,
435 719 558 768 mentem
573 708 720 785 injuratum
734 725 812 784 gero.

126 823 253 900 Regulus
265 841 332 881 vero
342 841 399 880 non
408 822 505 880 debuit
515 822 702 889 conditiones,
712 821 916 897 pactionesque

127 902 242 960 bellicas
271 912 299 960 et
326 901 446 959 hostiles
474 902 635 976 perturbare
664 900 797 976 perjurio.
839 897 919 958 Cum

120 981 201 1058 justo
212 981 288 1038 enim
303 989 331 1036 et
344 979 472 1056 legitimo
487 979 568 1036 hoste
583 997 628 1036 res
648 981 803 1055 gerebatur,
818 977 918 1036 adver·

124 1078 174 1118 sus
189 1078 272 1132 quem
287 1066 316 1114 et
328 1066 418 1114 toturn
429 1057 477 1132 jus
491 1055 611 1130 fetiale,‡
624 1067 653 1114 et
669 1057 757 1114 mults
769 1066 836 1115 sunt
851 1057 918 1134 jura

124 1137 297 1195 communia.
340 1134 425 1200 Quod
444 1136 474 1192 ni
487 1137 526 1192 ita
547 1144 632 1202 esset,
648 1153 801 1207 numquam
824 1135 917 1194 claros

124 1215 202 1272 viros
218 1223 333 1272 senatus
348 1214 457 1274 vinctos
472 1215 600 1272 hostibus
615 1212 777 1271 dedidisset.
973 1217 974 1220 ’

124 1400 217 1510 ¹CAP.
231 1449 328 1514 XXX.
355 1448 484 1520 Quidem
504 1447 634 1514 Romani
655 1447 788 1507 hostibus
803 1447 917 1516 dediti,-

267 1527 340 1606 quid
353 1528 393 1586 sit
406 1528 440 1586 in
453 1526 569 1604 Regulo
583 1527 762 1586 maximum.

163 1688 209 1743 Ar
230 1703 297 1744 vero
320 1684 358 1743 T.
373 1685 508 1742 Veturius
531 1693 560 1742 et
582 1685 633 1761 Sp.
658 1683 836 1753 Postumius,
852 1703 917 1744 curn

124 1856 166 1890 ere
177 1841 249 1890 seved
260 1841 292 1916 by
302 1840 328 1900 it,
335 1841 366 1890 he
377 1846 451 1890 treats
462 1841 523 1890 suoh
534 1841 652 1904 promises
663 1856 690 1888 es
701 1840 727 1890 in
739 1840 839 1906 genere]
851 1841 917 1890 bind-

124 1906 175 1970 ing.
208 1907 258 1956 But
273 1921 300 1954 nn
316 1907 462 1967 subsequent
477 1906 582 1954 editions
597 1906 628 1954 he
644 1907 763 1965 observes,
779 1907 833 1956 thet
850 1906 916 1956 thess

125 1986 183 2034 may
192 1971 221 2020 be
230 1971 301 2020 mode
310 1972 351 2020 the
360 1971 507 2020 instrument
515 1971 545 2020 of
550 1972 638 2021 almost
646 1971 775 2020 unlimited
784 1973 917 2028 extortiont

125 2035 406 2095 adunassemus
426 2037 534 2100 question
554 2035 656 2086 between
673 2035 711 2084 the
728 2036 919 2102 importamus

125 2097 189 2146 these
205 2101 309 2164 opposite
325 2117 394 2150 eosne
410 2117 505 2160 nenses,
516 2101 610 2151 resides
626 2101 664 2165 the
681 2100 753 2150 doubt
769 2103 916 2166 omreerning

126 2163 164 2237 the
175 2161 344 2228 obligationes
356 2117 415 2214 such
428 2168 554 2230 proruises.
586 2167 641 2216 'Ibe
653 2167 723 2215 noble
734 2167 836 2222 minded
847 2167 914 2216 Mon·

128 2234 211 2291 teigne
223 2229 332 2278 remarks
338 2246 370 2278 on
381 2230 430 2278 this
442 2233 541 2296 subject,
553 2231 605 2280 “Ge
613 2248 659 2294 que
668 2232 793 2280 leersinte
802 2231 917 2284 m'et'siet

127 2308 174 2342 une
190 2291 236 2340 sois
252 2293 351 2352 vouloir,
365 2295 390 2358 je
407 2295 458 2344 sius
474 2303 533 2346 tenu
553 2298 582 2346 de
601 2297 624 2345 le
643 2297 735 2348 vouloir
755 2313 843 2346 enuere
860 2313 916 2346 sens

126 2357 233 2408 ereinte:
249 2364 274 2406 et
284 2359 366 2420 qunnd
376 2359 422 2407 elle
433 2362 518 2410 n’eurn
534 2361 599 2410 fores
615 2377 661 2423 que
673 2377 715 2411 me
725 2362 815 2426 langue
826 2379 882 2411 sens
892 2362 916 2411 le

126 2423 229 2482 volente,
239 2438 327 2472 enoore
338 2423 423 2488 suis-je
433 2430 492 2482 tenu
503 2427 533 2476 de
544 2426 604 2476 fnire
615 2427 640 2476 le
650 2427 733 2476 maille
744 2429 823 2476 bonne
834 2428 864 2476 de
874 2443 915 2476 me

127 2489 257 2602 pastolibiore
269 2560 356 2602 nostro.
388 2553 469 2603 Thess
487 2571 583 2616 appear,
594 2555 721 2615 therefore,
732 2563 757 2606 to
771 2557 800 2606 be
817 2557 859 2606 the
870 2556 915 2606 for-

128 2618 177 2665 mnl
189 2619 268 2668 words
279 2619 305 2667 in
317 2618 398 2668 which
409 2619 450 2668 the
465 2619 523 2668 onth
534 2636 585 2668 was
601 2620 774 2671 administered
784 2638 790 2680 ;
805 2629 829 2670 tn
845 2622 915 2687 epenk

127 2680 166 2728 the
177 2683 243 2730 truth
253 2683 419 2759 uneqreieoeoll
437 2701 453 2759 ¹,·
469 2683 567 2734 otton
578 2686 732 2735 reservatione.
815 2738 819 2762 1

129 2745 177 2856 NK
189 2746 398 2874 'Immunem
436 2750 534 2814 ippolyt.
542 2765 564 2798 v.
574 2749 626 2798 611.
649 2755 679 2798 ‘H
691 2752 787 2815 yndec'
797 2751 916 2819 indues,

162 2872 171 2922 i
188 2873 236 2924 Jue
242 2875 336 2937 fetiale.
369 2878 423 2928 Lib.
432 2879 448 2928 i.
460 2895 481 2928 o.
493 2879 530 2928 ll.
