1970 3272
310 197 375 250 un.
382 199 415 248 11.
432 197 600 250 GARXXV.
788 199 847 254 205

42 344 141 410 rium*
155 341 284 410 Stoicum
292 343 339 415 qui
350 342 469 400 Athenis
482 361 573 419 nuper
582 349 626 400 est
638 349 774 407 mortuus,
789 337 845 395 duo

42 421 196 499 praeterite
209 432 306 478 censet
324 439 388 478 esse
402 440 418 476 a
432 420 567 489 Panaetio,
582 419 748 478 vulemdinis
767 435 844 476 eure·
923 479 925 486 ,

42 501 174 567 tionem,
189 510 217 556 et
231 498 366 574 pecunie.
408 498 486 563 Quas
499 517 544 554 res
559 517 699 556 asuuuno
719 497 844 574 philoso-

41 580 108 655 pho
124 577 283 654 praeteritss
305 576 430 640 arbitror,
445 575 521 648 qnod
534 588 629 634 essent
642 577 755 633 faciles:
778 583 844 631 sunt

42 666 126 714 certe
141 654 252 717 utilcs'.†
292 653 365 727 Seu
373 653 501 711 valetudo
512 665 681 712 sustentatur
690 655 789 712 notitia
797 652 842 710 sni

42 734 204 812 corporis3
226 744 255 790 et
272 733 476 799 observatione,
491 750 553 804 quae
572 750 618 789 res
640 744 687 790 aut
707 733 842 808 prodesse

41 814 175 878 soleant,
190 821 237 869 unt
256 811 377 878 obesse:
397 821 427 867 et
439 811 611 868 continentia
630 811 660 868 in
675 811 750 868 vietu
763 810 842 869 omui

41 903 135 964 atque
152 890 239 957 cultu,
251 889 377 965 corporis
392 887 488 946 tuendi
502 907 622 946 caussa:
643 899 671 946 et
682 889 843 965 pretermit-

41 968 146 1027 tendis
161 967 348 1044 voluptatibus
363 986 371 1035 3
391 978 534 1044 postremo
545 977 602 1026 arte
613 985 710 1026 eorum
722 985 841 1040 quorum

42 1047 81 1104 ad
97 1046 251 1104 scientiam
265 1045 326 1104 haec
340 1047 488 1122 pertinent.

87 1125 154 1182 Res
176 1136 266 1182 eutem
288 1123 431 1182 familiaris
452 1124 538 1197 quaeri
559 1123 641 1182 debet
661 1124 695 1182 iis
722 1125 843 1182 rebus'a

42 1204 157 1276 quibus
172 1204 251 1260 abest
262 1201 422 1279 turpitudo:
445 1203 606 1260 conservari
619 1211 710 1260 autem
725 1203 775 1260 dili
794 1220 842 1259 en·

43 1283 127 1340 tieet
139 1281 328 1357 parsimonia:
351 1279 452 1338 iisdem
461 1281 544 1338 etiam
556 1281 638 1338 rebus
651 1281 754 1356 augeri.
775 1222 839 1338 iles

43 1377 93 1418 res
109 1359 343 1416 commodissime
362 1358 523 1434 Xenophon
538 1358 696 1416 Socraticus
711 1376 840 1436 persecu·

44 1447 93 1494 tus
110 1437 200 1494 estin
214 1455 248 1494 eo
268 1438 339 1495 libro
359 1437 408 1510 qui
432 1437 638 1495 OEconomicus
659 1437 838 1494 inscribitur:

43 1533 139 1588 quem
153 1531 216 1582 nos,
232 1516 284 1572 ista
298 1515 355 1572 sere
376 1525 454 1572 aetate
468 1533 532 1572 eum
554 1533 682 1572 essemus
697 1533 753 1588 qne
765 1532 796 1574 es
810 1522 840 1570 tu

44 1611 139 1662 nunc,
156 1589 188 1671 [e
204 1591 320 1672 Graeco]
336 1594 365 1652 in
379 1593 510 1651 Latinum
524 1593 722 1651 convertimus.

79 1829 96 1860 ⁸
120 1826 219 1892 ipim.
250 1827 291 1875 He
302 1825 324 1874 is
335 1827 385 1876 eleo
400 1826 489 1876 named
505 1824 626 1875 Sidonius.
657 1825 718 1874 Ceto
728 1823 758 1872 of
768 1823 844 1872 Utiec

45 1905 101 1941 wos
114 1890 155 1940 his
172 1890 260 1938 friend.
292 1890 354 1940 Plut.
365 1891 391 1940 in
403 1891 584 1942 Vitae-Cicero
601 1891 731 1942 elsewhere
748 1888 841 1938 elludes

45 1955 280 2015 tobimeespoet.
312 1953 494 2006 DeOrctxxx.

81 2019 96 2070 †
113 2017 180 2064 Sunt
191 2023 254 2065 certe
271 2015 349 2066 utiles.
381 2019 463 2070 These
479 2021 548 2070 three
558 2021 646 2080 words,
657 2019 772 2072 Henmsn
784 2035 840 2070 con-

46 2081 132 2132 siders
143 2097 171 2130 es
182 2079 353 2142 interpolsted:
369 2081 393 2130 J.
405 2083 440 2132 M.
452 2085 591 2150 Heusinger
607 2093 706 2136 essents.
739 2085 802 2136 This
818 2085 840 2136 is

47 2148 83 2212 by
95 2162 132 2196 no
140 2162 224 2195 meens
235 2143 337 2192 evident.
353 2146 443 2194 Heelth
454 2149 502 2195 und
512 2151 600 2198 werith
610 2152 651 2200 the
663 2151 741 2202 Scies
749 2151 840 2202 reckon

47 2219 95 2261 not
106 2227 199 2277 among
210 2211 279 2267 bone,
291 2209 333 2258 but
348 2216 464 2273 emongst
472 2211 513 2260 the
525 2215 651 2267 commode
661 2215 725 2266 vites.
756 2216 840 2266 Pnnoe-

48 2277 102 2326 tius
112 2292 194 2339 pessos
206 2291 262 2325 over
273 2274 341 2323 these
352 2273 430 2337 topice
439 2288 447 2331 ς
462 2289 489 2322 ss
499 2273 585 2324 Cicero
595 2279 687 2337 thinks,
697 2298 730 2330 on
736 2286 841 2332 accensit

49 2341 82 2390 oi'
87 2342 153 2391 their
164 2341 266 2405 fecium,
274 2339 393 2428 certsiply
404 2345 490 2390 notor:
501 2347 604 2390 account
612 2342 641 2390 cf
647 2344 709 2392 their
718 2346 839 2409 unimpor-

49 2411 132 2456 tenes.

85 2471 96 2523 t
113 2469 169 2518 Sed.
202 2471 264 2521 This
275 2469 466 2521 con'unctionis
482 2469 633 2527 introduced,
644 2486 671 2518 ss
682 2472 804 2534 prefetory
815 2478 841 2520 to

51 2535 128 2648 iim
139 2535 249 2594 remoris
260 2553 291 2587 on
307 2488 348 2588 tds
360 2535 436 2601 topice
447 2535 549 2586 omitted
564 2535 596 2600 by
608 2533 738 2586 Panotios.
768 2535 794 2586 J.
805 2535 841 2588 M.

79 2615 132 2648 eus.
