1970 3272
281 215 345 264 LlB.
366 215 399 264 11.
416 215 493 266 GAP.
511 217 600 276 xlv..
766 209 768 217 ’
786 219 842 275 169

50 377 106 432 que
129 359 281 418 sermonis.
322 359 445 418 Exstant
463 359 600 436 epistolas,
616 367 643 417 et
657 358 785 437 Philippi
807 359 842 418 ad

50 438 272 506 Alexandrum*
296 447 325 495 et
347 439 486 514 Antipatri
514 437 549 495 ad
576 437 842 505 Cassandrensium

50 517 188 594 Antigoni
202 517 235 575 ad
250 517 415 592 Philippum
432 515 572 596 [tilium]‡
584 518 667 575 trium
685 517 842 593 prodentis·

50 595 199 660 simomm.
207 594 262 673 (sic
271 596 348 664 enim
357 594 541 672 accepimus)
553 597 654 667 quibus
664 596 840 672 praecipiunt,

50 683 80 729 ut
90 675 346 750 orationebenigna
358 673 544 732 multitudinis
556 675 665 732 animos
677 674 710 732 ad
721 677 843 733 benevo-

49 750 165 810 lentiam
194 753 325 820 alliciant,
353 753 513 825 militesque
540 752 641 810 blande
673 752 841 830 appellando

49 829 201 889 deleniant.
243 831 314 897 Quae
336 841 428 889 autem
442 831 473 889 in
487 830 664 890 multitudine
685 850 750 890 curn
775 851 842 890 con·

49 911 176 968 tentione
194 911 311 968 habetur
331 911 436 978 oratio;
457 928 492 967 ea
511 927 587 986 saepe
607 910 767 968 universam
792 930 841 968 ex·

48 989 124 1046 citat.
167 989 274 1066 Magna
288 998 331 1046 est
344 990 419 1048 enim
441 989 587 1047 admiratio
601 989 717 1065 copiose
731 991 842 1066 sapien·

48 1073 146 1139 terque
176 1066 313 1126 dicentis:
348 1085 433 1141 quem
461 1069 510 1141 qui
535 1066 659 1136 audiunt,
685 1068 840 1146 intelligere

47 1145 132 1204 etiam
148 1154 178 1203 et
191 1165 289 1222 sapere
309 1146 383 1223 plus,
410 1166 495 1220 quam
523 1155 641 1212 ceteros,
667 1148 840 1205 arbitrantur.

48 1222 80 1280 si
94 1243 164 1282 vero
180 1225 253 1282 ineat
266 1226 295 1282 in
310 1225 435 1284 oratione
448 1226 536 1282 mixta
548 1224 694 1282 modestioe
708 1226 839 1302 gravitas,

47 1301 118 1360 nihil
131 1299 325 1361 'admirabilius
340 1303 401 1362 fieri
415 1313 527 1380 potest3
550 1321 640 1376 coque
655 1305 756 1380 magis,
771 1306 842 1362 sica

48 1383 160 1440 suntin
181 1381 367 1439 adolescente.

87 1460 157 1527 Sed,
178 1477 243 1516 eum
267 1461 324 1516 sint
351 1459 431 1534 plura
457 1477 620 1518 caussarum
644 1477 840 1535 generaque

48 1536 239 1610 eloquentiam
267 1536 433 1604 desiderant,
461 1537 597 1609 multique
625 1537 655 1593 in
682 1549 777 1595 nostra
809 1557 857 1608 reg

48 1617 164 1689 publica
190 1614 382 1671 adolescentes
411 1623 439 1670 ct
464 1614 540 1690 apud
563 1613 685 1689 judices,
712 1625 740 1671 et
766 1615 841 1689 apud

48 1705 189 1761 senatum,
209 1691 329 1750 dicendo
353 1690 464 1748 laudem
486 1692 608 1748 assecuti
629 1691 695 1758 sint,
717 1693 842 1749 maxima

48 1782 92 1829 est
105 1772 252 1830 admiratio
266 1770 296 1828 in
306 1769 437 1846 judiciis:
454 1787 574 1841 quorum
588 1769 658 1826 ratio
672 1768 777 1846 duplex
787 1780 839 1826 est.

48 1849 388 1909 Namexaceusatioueet
396 1847 579 1909 defensionne
589 1857 840 1922 constatzquarum

321 2033 486 2086 GHAPTER
501 2033 570 2086 XIV.

81 2163 286 2216 *Alexandrum
319 2167 393 2218 From
408 2167 489 2231 Philip
500 2173 526 2217 to
536 2166 575 2216 his
586 2183 638 2227 son,
645 2167 782 2218 Alexander
798 2168 840 2219 the

47 2231 148 2350 Grdadd
158 2270 335 2347 Cassandrum.
368 2295 438 2346 Alter
447 2296 605 2348 Alexander's
614 2297 693 2358 death,
704 2299 840 2362 Antipater,

48 2361 89 2410 the
101 2363 179 2412 fadaer
188 2363 218 2411 of
227 2363 373 2423 Cassander,
379 2362 450 2412 made
459 2363 562 2426 himself
573 2371 662 2413 master
672 2363 701 2413 of
712 2365 840 2414 Macedon.

48 2423 112 2476 Two
123 2429 198 2477 books
210 2427 241 2478 of
251 2429 348 2491 cpistles
359 2428 425 2478 lestb
450 2429 503 2478 him
512 2443 551 2477 are
559 2429 697 2478 mentioned
706 2431 738 2494 by
745 2430 840 2478 Suidas.

81 2492 92 2544 i
104 2493 172 2542 Phili
222 2509 246 2541 m
259 2495 267 2557 [
272 2493 378 2558 filium}
444 2510 484 2543 me
495 2494 567 2544 MSS.
577 2494 742 2556 omitfilt'um:
758 2495 840 2542 others

48 2555 117 2616 have,
135 2510 246 2623 Phidiuppi
260 2559 355 2622 filium.
387 2559 455 2609 Who
469 2561 511 2609 the
522 2560 662 2624 Antigonus
674 2559 703 2630 is²
714 2561 747 2670 hp
758 2558 840 2606 whom

48 2622 117 2670 these
128 2623 209 2672 letters
220 2639 284 2674 were
295 2625 400 2684 written,
411 2625 432 2674 is
444 2627 475 2690 by
487 2641 520 2674 no
531 2639 616 2672 means
623 2625 694 2672 clear.
741 2622 779 2670 tis
786 2629 839 2670 true

49 2687 103 2736 that
122 2687 162 2736 the
181 2689 279 2752 general
298 2688 328 2737 of
339 2690 485 2749 Alexander,
503 2689 533 2738 of
550 2689 603 2737 that
620 2702 700 2745 name,
718 2685 796 2734 fadaer
815 2685 845 2734 of

50 2751 189 2800 Demetrius
205 2751 358 2812 Poliorcetes,
370 2755 417 2804 had
429 2772 444 2804 a
455 2769 565 2819 younger
581 2768 625 2802 son
641 2751 729 2800 named
748 2750 838 2813 Philip;

49 2823 75 2865 to
91 2817 150 2876 him,
167 2815 282 2882 possibly,
299 2818 366 2867 these
382 2821 464 2869 letters
482 2833 545 2868 were
566 2816 701 2866 addressed.
734 2815 761 2826 ”¹
784 2822 787 2826 ’
815 2815 820 2826 ’

51 2881 157 2933 Demetr.
