1978 3268
127 240 186 296 coe
426 235 473 282 nn
491 231 643 280 onncns.

128 379 186 446 Qui
207 378 260 437 Ius
282 377 366 455 igitur
381 373 533 452 jurandum
553 373 647 440 violat,
661 373 687 429 is
707 371 807 432 Fidem
821 372 924 441 violat,

130 476 214 530 quem
228 459 258 514 in
273 455 415 532 Capitolio
429 453 551 511 vicinam
565 452 646 510 Jovis
661 450 770 528 Optimi
784 452 924 522 Maximi,

129 537 203 593 utin
218 534 335 592 catonis
349 533 475 592 oratione
489 541 542 600 est,
557 530 678 607 majores
689 531 778 588 nostri
791 548 858 588 esse
873 549 924 588 vo·

131 614 268 672 luerunt*

169 692 207 749 At
226 690 302 748 enirn
322 708 359 749 ne
376 690 462 748 imus
476 688 590 762 quidem
604 686 715 764 Jupiter
728 687 792 762 plus
807 687 923 765 Regulo

130 767 283 838 nocuisset,
298 787 383 842 quam
397 769 452 826 sibi
466 768 562 825 nocuit
574 767 636 842 ipse
651 766 787 842 Regulus.
822 765 923 834 Certe,

130 848 156 905 ei
176 847 249 905 nihil
268 848 374 906 malum
393 855 478 913 esset,
493 845 550 904 nisi
563 845 667 905 dolere.
707 843 740 902 ld
753 853 849 903 autem
862 863 922 904 non

129 925 215 984 modo
243 943 398 991 summum,
416 923 465 981 sed
492 941 529 980 ne
556 924 662 980 malum
689 922 818 996 quideml
845 941 922 992 esse,

131 1005 255 1062 maxima
265 1003 424 1061 auctoritate
435 1001 600 1078 philosophi
612 1001 758 1060 affirmant.
791 1001 922 1074 Quorum

130 1082 244 1155 quidem
258 1089 358 1138 testem
371 1097 429 1137 non
443 1079 625 1145 mediocrem,
640 1079 691 1136 sed
704 1079 780 1137 haud
793 1080 856 1138 scio
871 1084 923 1155 snss

131 1159 338 1236 gravissimum,
353 1157 505 1234 Regulum,
519 1157 617 1226 nolito,
632 1176 738 1230 queso,
750 1159 920 1234 vituperare.

131 1237 223 1303 Quem
239 1237 315 1294 enim
325 1236 536 1313 locupletiorem
548 1237 709 1309 quaerimus,
721 1255 805 1308 quam
817 1238 922 1312 priuci-

132 1333 198 1393 pem
219 1315 317 1392 populi
337 1315 470 1382 Romani,
486 1317 535 1388 qui
554 1315 692 1373 retinendi
712 1314 800 1372 officii
820 1334 923 1374 caussa

132 1394 285 1452 cruciatum
299 1393 415 1452 subierit
427 1393 632 1451 voluntarium?
654 1393 730 1451 Nam
744 1393 821 1465 quod
832 1395 920 1462 aiunt,

132 1471 255 1534 Minima
272 1471 308 1530 de
323 1471 425 1542 malis;
445 1471 475 1528 id
488 1481 541 1539 est,
552 1480 584 1529 ut
596 1472 712 1549 turpiter
726 1472 821 1548 potius
835 1491 921 1546 quum

163 1683 178 1712 ¹
196 1677 446 1728 Fidem-coluerunt.
478 1679 562 1728 Numa
577 1679 712 1742 Pompilius
727 1679 749 1727 is
760 1679 813 1728 seiri
824 1679 921 1730 toheve

130 1743 257 1794 dedicated
267 1745 309 1794 the
320 1745 373 1794 first
383 1744 472 1808 temple
483 1751 508 1793 to
519 1745 568 1793 thie
579 1745 689 1810 divinity.
721 1744 785 1793 Plut
793 1745 821 1792 in
829 1745 919 1804 Numa,

133 1807 236 1872 Dionys.
252 1809 349 1858 Helii.
382 1809 437 1858 “Ut
456 1809 515 1858 fides
535 1817 563 1858 ut
582 1825 659 1868 mens,
675 1826 734 1872 quus
753 1809 781 1858 in
797 1809 919 1872 Cepitolio

130 1873 254 1923 dedicetos
277 1875 386 1923 videmus
407 1874 515 1936 proxime
535 1891 551 1922 e
569 1873 605 1922 M„
624 1874 727 1923 AEmilio
745 1874 844 1933 Sconroe
864 1881 919 1924 ente

130 1944 214 2051 ffim
230 1939 260 1986 eb
269 1939 353 2014 'Atilio
367 1938 478 1988 Celetino
494 1945 547 1988 eret
557 1937 631 1988 Fides
641 1941 805 1990 consecrete't
838 1940 877 1990 De
887 1940 918 1989 N.

186 2019 205 2051 r.
216 2018 284 2052 xxm.
494 2041 498 2048 .

164 2067 178 2118 †
194 2067 461 2134 Nonvmodo-puidem.
492 2069 579 2118 Cicero
590 2067 656 2118 oflen
667 2069 776 2133 employs
787 2084 834 2118 nou
844 2069 917 2129 modo,

54 2155 56 2160 ·
133 2129 432 2191 formnmodomuund
447 2133 778 2188 noneolumforconeolum
788 2149 843 2182 uon.
874 2138 917 2195 As,

132 2193 205 2243 Roec.
221 2195 278 2242 Am.
300 2195 339 2244 23.
362 2203 508 2261 “propterea
526 2199 671 2262 quod-non
693 2199 765 2252 modo
786 2199 839 2258 sine
861 2215 918 2249 oure

131 2258 256 2322 qutieoeere'
267 2261 309 2308 sed
320 2275 351 2308 ne
362 2263 454 2324 epicure
465 2264 563 2326 quidem
574 2264 626 2312 sine
637 2270 706 2312 metu
716 2265 838 2326 possunt.”
870 2264 917 2314 Pu

134 2324 172 2373 10.
203 2323 380 2374 “Sencttrinon
388 2327 918 2395 solumjuvererempublioonusednelugere

133 2389 231 2452 quidem
250 2388 346 2443 lisere”
376 2391 420 2438 Or.
437 2391 453 2439 i.
469 2393 508 2441 46.
539 2393 647 2456 “Neque
665 2394 744 2442 solum
766 2393 917 2444 inscientium

133 2471 215 2504 meum
223 2455 265 2504 eod
273 2470 305 2504 ne
313 2470 393 2503 rerum
403 2455 500 2518 quidem
509 2458 703 2522 magnitudinem
710 2458 848 2521 perspicit?
865 2459 917 2510 'tue

134 2521 223 2569 second
234 2521 345 2586 negative
357 2519 378 2568 ie
389 2527 432 2568 not
442 2521 574 2586 uniformly
586 2523 693 2572 omitted.
723 2523 840 2584 scheller,
851 2526 917 2587 pte.

133 2585 219 2633 thinks
229 2586 323 2645 indeed,
334 2586 386 2634 thet
396 2585 438 2634 the
449 2587 573 2635 occasions
584 2588 664 2636 where
673 2588 733 2640 heth
743 2590 868 2653 negativos
878 2606 917 2639 ure

135 2649 251 2708 retsined,
261 2667 302 2700 ure
318 2666 385 2700 more
401 2651 511 2713 frequent
527 2651 586 2700 thou
602 2651 670 2700 those
681 2653 762 2702 where
779 2654 820 2702 the
831 2657 916 2706 second

135 2711 157 2760 is
174 2713 282 2764 omitted
314 2717 369 2766 The
385 2717 467 2779 ellipse
483 2715 601 2781 certainly
617 2733 718 2780 uppem
737 2719 818 2768 hersh.
851 2719 918 2770 Alter

133 2790 272 2836 scammum
288 2780 380 2830 mulum
396 2782 418 2830 ie
434 2781 585 2831 understood.
616 2781 746 2832 Gernhurd
760 2784 841 2846 places
852 2787 877 2844 it,
887 2803 917 2835 on

135 2837 176 2886 the
187 2842 309 2908 authority
318 2845 348 2894 os
353 2845 444 2895 seuere]
455 2846 527 2899 MSS,
537 2846 563 2895 in
575 2845 613 2895 hie
623 2853 681 2896 text.

169 2901 179 2951 i
195 2903 271 2953 llaec
282 2909 383 2958 eciem
415 2911 461 2959 See
472 2910 501 2959 L.
513 2911 529 2960 i.
540 2928 560 2960 e
573 2912 609 2960 ll.
621 2919 683 2964 note.
