1970 3272
289 745 325 796 M.
344 743 464 796 TULLII
491 744 673 796 CICERONIS

233 917 331 1006 DE
370 915 726 1006 OFFICIIS

409 1169 412 1176 ·
456 1157 490 1190 m

280 1321 479 1394 MARCUM
502 1319 672 1392 FILIUM.

309 1715 431 1782 LIBER
450 1713 642 1773 TERTIUS.

386 1893 563 1929 nummuli.

81 2031 134 2080 Hic
144 2027 206 2078 liber
217 2026 246 2076 de
258 2027 435 2090 comparatione
445 2027 577 2077 honestatis
588 2035 613 2078 et
624 2027 735 2078 utilitatis
746 2028 805 2097 agit,
815 2045 869 2094 quae

92 2148 96 2156 ,
114 2092 412 2156 cruttartiadisputationis
417 2109 479 2156 par.
490 2093 660 2158 NegatCicero
665 2095 869 2145 autdubitandum

113 2177 167 2211 csse
177 2166 220 2209 aut
228 2175 335 2221 unquam
341 2159 454 2217 dubitari,
460 2175 492 2207 an
499 2159 524 2207 id
531 2160 593 2222 quod
601 2160 659 2209 utile
664 2160 779 2220 videatur,
785 2163 870 2210 hones·

114 2234 140 2276 to
148 2226 180 2276 sit
191 2224 396 2288 anteponendum
412 2225 454 2272 aad
465 2230 574 2288 tempora
585 2225 698 2284 incidere,
708 2225 796 2288 quibus
806 2228 869 2290 quod

113 2290 272 2355 turpchaberi
277 2289 359 2350 soleat,
366 2289 495 2338 honestum
501 2289 609 2340 videatur
617 2308 623 2340 ι
631 2297 746 2354 tanquam
752 2293 815 2354 quod
822 2299 871 2342 tur·

114 2374 144 2422 pc
152 2357 184 2406 sit
194 2355 304 2406 occidere
315 2354 428 2417 aliquem,
438 2355 460 2403 ai
471 2362 589 2420 tyrannus
600 2356 731 2416 occidatur,
738 2373 788 2405 non
799 2357 871 2406 modo

114 2439 164 2470 non
171 2421 293 2484 turpaaad
300 2421 373 2469 etiam
380 2420 513 2484 gloriosum
519 2421 602 2480 videri,
609 2422 689 2484 inquo
696 2437 743 2468 non
748 2420 871 2482 anteponi-

114 2494 154 2536 tur
162 2487 221 2535 utile
228 2487 336 2544 honesto,
343 2486 385 2533 aad
393 2486 505 2534 honestus
512 2487 641 2536 utilitatum
650 2486 765 2548 sequitur.
785 2485 870 2547 Itaque

115 2559 143 2599 ut
149 2551 201 2598 sine
208 2552 257 2599 ullo
264 2550 475 2614 erroredijudicari
482 2551 693 2613 possitsiquando
700 2565 756 2598 cum
763 2549 871 2610 illoqucd

115 2615 243 2663 honestum
259 2615 410 2678 Intelligitur,
419 2629 527 2680 pugnare
536 2616 561 2663 id
572 2615 691 2664 videbitur
697 2613 760 2675 quod
769 2613 870 2675 appella-

116 2694 172 2726 mus
180 2679 246 2737 utile,
253 2679 381 2728 formulam
390 2680 511 2742 quandam
520 2679 654 2736 constituit,
661 2693 675 2724 e
682 2677 818 2725 Stoicorum
824 2677 870 2726 dia

116 2742 213 2804 ciplina
223 2759 297 2806 quam
308 2743 329 2792 si
340 2743 394 2807 quia
412 2743 438 2791 in
456 2743 632 2806 comparatione
653 2755 734 2788 rerum
751 2748 871 2804 acquum,

117 2823 242 2869 nunquam
249 2808 280 2855 ab
290 2807 368 2856 officio
379 2808 481 2856 recedat
494 2807 639 2862 Eahoeceat,
648 2805 773 2854 detrahere
780 2806 870 2869 aliquid

112 2872 194 2936 (uiuri,
205 2877 229 2922 et
240 2871 338 2920 alterius
354 2872 506 2920 incommodo
523 2885 594 2920 suum
609 2885 698 2933 augore
709 2872 870 2932 commodum,

478 2937 532 2991 18*
