1984 3276
180 176 216 232 62
464 173 510 219 ou
526 171 678 221 urricus.

181 316 277 380 animi,
292 331 344 370 nec
364 313 479 370 fortunae
499 315 690 372 succumbere.
729 312 826 370 Altera
846 323 899 372 eat
918 335 977 384 ree,

182 405 221 460 ut,
237 406 300 448 cum
314 392 351 446 ita
365 391 404 446 sis
426 391 540 448 affectus
561 393 665 458 animo,
678 399 710 448 ut
723 409 808 466 supra
834 391 914 460 dixi,
930 413 976 451 res

106 465 108 469 ’
182 489 261 546 geras
276 487 389 543 magnas
410 469 471 524 illas
486 469 599 540 quidem
614 479 641 526 et
660 470 783 525 maxime
803 479 837 526 ιιι
826 470 908 538 t,iles
924 471 976 527 sed

181 560 211 604 ut
225 547 403 602 vehementer
421 546 518 604 arduae
532 548 684 623 plenasque
698 548 837 613 laborum,
852 559 887 604 et
901 550 976 624 peri·

181 625 330 680 culorumt
320 636 378 681 tum
392 626 465 692 vitae,
481 637 540 684 tum
557 625 708 691 multarum
728 644 919 742 rerumquae
941 625 974 683 ad

183 704 267 759 vitam
282 704 429 776 pertinent.

220 780 329 837 Harum
343 799 434 838 rerum
449 794 566 852 quarum
577 780 709 870 splendor
722 781 814 837 omnis
825 790 854 837 et
870 739 972 858 ampli·

181 857 257 923 tudo,
283 858 406 915 addot
378 860 462 916 etiam
485 860 642 925 utilitatem,
665 859 695 916 in
721 859 881 934 posteriore
909 872 969 918 est:

181 953 280 992 caussa
294 946 386 993 autem
400 947 428 993 et
447 937 516 993 ratio
537 938 664 994 efficiens
684 951 802 1011 magnos
818 938 902 994 viros
918 948 968 1006 est,

181 1014 211 1071 in
225 1015 326 1088 priore.
367 1014 400 1070 In
414 1032 448 1070 eo
462 1023 505 1070 est
518 1015 595 1072 enim
609 1014 687 1081 illud,
704 1013 779 1084 quod
793 1016 968 1074 excellentes

182 1091 291 1150 animos
305 1101 333 1148 et
346 1092 468 1149 humana
486 1101 695 1152 contemnentes
709 1091 784 1147 facit.
824 1091 859 1149 Id
875 1105 968 1151 autem

181 1169 275 1244 ipsum
289 1171 410 1226 cemitur
433 1170 463 1227 in
488 1170 605 1237 duobus,
624 1171 649 1226 si
674 1179 702 1227 et
720 1169 812 1226 solum
834 1170 877 1238 id,
895 1171 968 1261 qnod

181 1247 330 1305 honestum
351 1248 397 1313 sit,
418 1247 523 1307 bonum
545 1248 666 1324 judices,
682 1257 709 1305 et
729 1249 762 1304 ab
777 1249 859 1305 omni
881 1250 966 1307 animi

168 1325 526 1400 ‚perturbationelrbersrs
548 1325 967 1404 Nametea,quaeexrm1aple-

180 1403 275 1492 risque
289 1414 317 1460 et
336 1403 467 1478 praeclara
486 1403 622 1471 videntur,
638 1423 722 1479 parva
742 1402 855 1471 ducere,
878 1423 966 1494 eaque

181 1482 287 1539 ratione
307 1482 399 1538 stabili
419 1482 554 1553 firmaque
575 1493 763 1547 contemnere,
776 1481 858 1538 fortis
880 1484 965 1540 animi

182 1561 331 1636 magnique
356 1558 513 1617 ducendum
538 1568 656 1616 estet
627 1569 656 1616 et
679 1577 721 1625 ea,
747 1576 809 1630 quae
835 1559 966 1618 videntur

182 1640 290 1708 acerba,
306 1658 367 1712 quae
382 1639 467 1696 multa
478 1649 506 1695 et
519 1639 594 1694 varia
607 1639 640 1709 in
650 1637 797 1694 hominum
811 1637 871 1692 vita
882 1639 964 1696 fortu-

182 1735 273 1788 naque
287 1727 440 1784 versantur,
455 1718 493 1773 ita
506 1718 586 1782 l'erre,
601 1725 632 1771 ut
651 1715 722 1771 nihil
736 1733 752 1769 a
766 1722 838 1770 statu
860 1727 964 1774 nature

181 1793 318 1860 discedaS,
334 1792 406 1850 nihil
420 1814 436 1850 a
450 1794 581 1868 dignitate
595 1791 740 1868 sapientie,
755 1793 864 1850 robusti
878 1795 965 1853 animi

181 1881 225 1927 est
239 1877 400 1945 magriaeque
415 1871 585 1927 constantiae.

221 1947 289 2003 Non
309 1956 353 2002 est
372 1956 463 2003 autem
484 1956 711 2016 consentaneum,
736 1948 785 2019 qui
808 1958 887 2006 metu
908 1968 964 2009 non

182 2023 328 2098 frangatur,
343 2032 407 2079 eum
428 2023 522 2098 frangi
538 2025 706 2114 cupiditate:
729 2045 790 2116 neo,
806 2028 857 2098 qui
877 2028 964 2086 inrio-

181 2110 240 2156 tum
267 2118 298 2156 se
320 2100 447 2157 alabore
474 2102 639 2176 praestiterit,
664 2103 739 2160 vinci
766 2124 783 2160 a
809 2105 963 2192 voluptate.

29 2195 32 2216 ι
93 2242 98 2253 ⁸
181 2177 272 2242 Quam
287 2179 322 2236 ob
336 2197 395 2236 rem
403 2188 438 2262 ει
457 2178 517 2236 haec
531 2179 725 2250 videnda,*et
744 2181 873 2258 pecuniae
893 2185 964 2263 fugi·

178 2350 346 2409 tironensem
362 2358 405 2400 not
415 2351 546 2414 frequent
539 2368 565 2401 m
582 2352 655 2402 Latin
674 2352 778 2404 authors.
811 2353 843 2401 In
855 2355 906 2404 this
919 2357 964 2405 und

179 2415 278 2466 another
293 2415 409 2475 instance,
421 2433 441 2466 c.
452 2417 491 2465 26.
501 2416 585 2466 cutus
596 2420 644 2467 eud
658 2434 739 2482 oeque,
755 2419 782 2467 in
798 2420 964 2483 conjunctior,

180 2497 219 2530 ure
228 2481 340 2529 however
352 2488 376 2530 to
387 2484 416 2530 be
432 2482 577 2544 interpreted
593 2483 736 2548 negatively.
768 2483 841 2548 They
853 2500 896 2533 are
915 2487 965 2536 also

180 2547 236 2595 thus
248 2547 374 2610 employed
384 2547 417 2610 by
428 2547 517 2611 virgin

212 2610 307 2659 “Nulla
318 2627 395 2673 neque
412 2610 637 2660 emnem-Libavit
652 2612 810 2675 quadrupes?
828 2610 883 2662 Ect
894 2629 919 2663 v.
926 2614 963 2662 25.

180 2675 228 2722 and
239 2676 271 2739 by
282 2676 421 2741 Propertius
433 2675 467 2736 (ii.
480 2676 527 2732 19.)

254 2740 349 2789 “Nulla
359 2756 405 2803 neq
406 2755 436 2790 ue
448 2746 502 2788 unte
513 2746 568 2788 tuae
578 2739 666 2789 orietur
683 2740 735 2788 rixa
745 2736 888 2788 fenestrasfl

211 2802 226 2832 ἰ
248 2802 365 2854 Videndo.
382 2804 564 2856 Foreoveodo:
589 2820 624 2863 us,
635 2803 827 2852 oidertdum-oe
847 2804 911 2856 obeo
930 2806 964 2854 be
