1970 3278
149 194 187 249 84
432 191 479 238 DE
498 191 651 238 opulens.

360 267 364 290 ι

148 335 202 394 hnc
216 344 293 412 parte
309 333 473 398 honestatis,
484 331 518 388 de
534 351 589 404 qua
599 333 654 389 hoc
665 332 730 390 loco
740 331 948 392 disserendum

149 425 202 482 cst,
217 413 268 470 sed
282 413 366 468 etiam
381 412 410 468 in
420 412 506 468 tribus
518 411 738 486 superioribus,*
751 412 828 484 quid
839 413 946 478 deceat,

149 502 272 568 apparet.
315 490 390 546 Nam
406 499 434 546 et
447 491 554 546 ratione
569 491 608 546 uti
630 499 712 561 atque
731 491 871 553 oratione
887 510 946 566 pru·

149 572 255 636 deuter,
266 577 294 626 et
305 587 399 644 ¹ogere,
412 568 487 642 quod
496 587 573 644 agae,
583 567 760 626 considerate
772 589 780 625 ι
803 571 944 642 omnique

149 650 178 706 in
199 667 239 714 rc,
261 647 330 720 quid
350 649 387 704 sit
407 647 474 715 veri,
494 646 588 704 videre
603 655 632 703 et
659 648 730 704 tueri
751 647 859 706 decet:
884 667 942 706 con·

149 736 244 798 traque
278 726 352 794 salli,¹
375 745 475 794 errare,
500 725 572 792 lubi,
596 724 689 802 dec'ipi
723 735 790 790 tum,
813 726 940 792 dedecet,

149 823 233 878 quam
261 803 378 862 delirare
405 814 433 862 et
449 813 544 862 mente
571 822 635 861 esse
655 813 786 881 captum:
811 816 846 862 et
869 808 940 882 justo

149 883 244 940 omnia
258 883 359 940 decore
378 894 461 951 eunt3
482 883 587 958 injusta
604 887 710 950 contra,
725 893 757 950 ut
779 886 890 962 turpia,
904 885 938 941 sic

149 950 294 1018 indecora?
330 959 439 1020 Similis
467 972 511 1019 est
537 963 608 1020 ratio
627 961 812 1020 fortitudinis.
861 961 938 1029 Quod

149 1039 226 1096 enim
239 1039 356 1097 viriliter
368 1041 519 1114 animoque
532 1059 636 1117 magno
650 1041 691 1108 fit,
701 1040 731 1098 id
742 1039 869 1117 dignum
884 1043 936 1098 viro

86 1189 90 1198 x
149 1127 178 1174 ot
190 1118 323 1178 decorum
337 1118 446 1177 videtur
458 1140 469 1178 ε,
488 1118 564 1192 quod
578 1128 683 1188 contre,
698 1117 727 1176 id
741 1129 774 1177 ut
788 1129 888 1198 turpe,
902 1121 936 1177 sic

148 1196 321 1254 indecorum.
763 1219 770 1230 ¹

189 1275 282 1342 Quare
297 1277 417 1350 pertinet
437 1276 552 1351 quidem
566 1275 602 1334 ad
621 1293 737 1339 omnem
756 1276 935 1336 honestatem

150 1354 215 1422 hoo,
231 1354 307 1426 quod
327 1355 401 1423 dico,
417 1357 566 1414 decorum:
588 1355 668 1412 etita
681 1357 813 1432 pertinet,
831 1368 866 1415 ut
885 1375 934 1414 non

149 1433 293 1490 recondite
319 1433 438 1506 quadam
466 1435 573 1490 ratione
603 1444 740 1500 cernatur,
762 1434 816 1492 sed
847 1437 887 1494 sit
911 1435 934 1492 in

150 1520 272 1587 promtu.
314 1513 369 1570 Est
382 1514 458 1570 enim
473 1511 616 1585 quiddam,
630 1513 714 1586 idque
727 1513 899 1591 intelligitur
911 1515 933 1570 iu

150 1591 229 1649 omni
244 1593 353 1660 virtute,
368 1592 445 1666 quod
458 1592 572 1650 deceat:
595 1591 671 1664 quod
690 1591 867 1668 cogitatione
884 1613 935 1652 ma·

150 1670 194 1744 gis
210 1691 226 1728 a
240 1672 340 1729 virtute
354 1682 456 1748 potest,
472 1690 556 1744 quam
569 1689 598 1728 re
607 1671 740 1746 separari.
783 1670 827 1728 Ut
839 1691 934 1730 venus·

151 1757 192 1804 tas
207 1760 235 1808 ct
254 1751 433 1826 pulchritudo
453 1751 578 1826 corporis
599 1749 708 1805 secerni
727 1767 787 1806 non
808 1761 934 1825 potesta

150 1827 325 1889 valetudine:
348 1830 389 1886 sic
409 1830 474 1887 hoc.
490 1829 524 1884 de
546 1846 602 1898 quo
623 1827 773 1899 loquimur,
790 1828 932 1896 decorum,

150 1910 240 1962 totum
253 1903 323 1964 illud
337 1905 450 1978 quidem
465 1913 509 1961 est
522 1923 586 1962 cum
601 1907 702 1969 virtute
712 1901 878 1978 confusum,
890 1907 933 1966 sed

151 1992 244 2038 mente
259 1992 287 2042 et
300 1983 467 2059 cogitatione
482 1981 670 2060 distinguitur.
685 1981 688 1990 ⁴
751 2023 754 2030 ·
874 2043 883 2052 ,,

190 2059 246 2115 Est
272 2071 363 2119 autem
392 2061 453 2136 ejus
481 2059 633 2138 descriptio
653 2061 768 2140 duplex.
813 2065 934 2126 Namet

151 2137 279 2212 gencrale
294 2137 432 2210 quoddam
444 2139 577 2198 decorum
597 2142 794 2218 intelligimus,
811 2147 891 2216 quod
909 2147 932 2203 iu

93 2281 100 2286 ,
151 2215 229 2272 omni
244 2215 388 2274 honestate
397 2229 540 2285 versatim:
563 2227 592 2276 et
601 2217 676 2276 uliud
687 2221 753 2277 huic
765 2221 932 2300 subjectum,

151 2293 227 2366 quod
241 2296 360 2370 pertinet
374 2297 408 2356 ad
428 2297 658 2375 singulaspurtes
680 2299 850 2360 honestade.
893 2306 934 2362 At·

127 2441 132 2463 Ι
151 2389 205 2444 que
220 2373 431 2450 illuduuperius
447 2377 554 2435 elusere
569 2377 680 2434 deliniri
691 2377 779 2448 soleti
803 2379 933 2440 decorum

150 2450 180 2508 id
194 2470 267 2520 esse,
283 2453 358 2526 quod
377 2466 596 2514 consentaneum
608 2457 645 2514 uit
658 2455 783 2514 hominis
799 2461 935 2520 excelleu-

151 2531 207 2598 tiae,
224 2532 253 2589 in
267 2551 311 2596 eo.
326 2533 357 2590 in
371 2552 427 2605 quo
441 2546 538 2590 natura
550 2535 613 2610 ejus
629 2555 645 2591 a
659 2534 775 2606 reliquis
790 2538 936 2598 animanti·

150 2609 203 2668 bus
218 2610 335 2668 differat.
376 2611 446 2676 Quae
461 2621 552 2668 autem
565 2631 630 2688 pars
639 2614 765 2689 subjecta
776 2619 878 2690 generi
887 2629 933 2684 est,

151 2705 213 2745 earn
224 2691 265 2746 sic
280 2689 425 2756 definiunt,
440 2700 471 2748 ut
484 2688 512 2746 id
522 2689 659 2762 decorum
674 2687 762 2748 velint
772 2710 850 2764 esse,
864 2696 933 2771 qu'od

182 2843 197 2872 l
219 2842 306 2891 Tribus
316 2843 497 2908 superioribus:
512 2845 624 2910 noronly
636 2847 662 2894 in
678 2853 843 2908 tempernnce,
855 2853 899 2902 but
913 2853 936 2900 in

150 2903 278 2964 prudence,
286 2910 442 2970 justice-und
454 2909 573 3006 fortimdc.
