1970 3272
130 183 188 238 200
418 183 465 230 DE
484 181 636 231 orslcus

170 326 287 384 Atvero
306 324 423 381 Aratus*
445 319 597 399 Sicyonius
616 323 678 400 jure
698 320 839 391 laudatur,
862 322 928 396 qui,

132 423 197 462 eum
216 405 277 478 ejus
301 403 398 458 civitas
426 402 627 478 quinquaginta
648 419 734 459 annos
757 403 927 477 styrannis

132 493 278 547 teneretur,
293 479 433 555 profectus
454 481 538 556 Argis
561 481 725 556 Sicyonem,
741 479 927 537 clandestino

132 560 244 618 introitu
258 559 326 616 urbe
341 569 384 616 est
396 559 512 634 potitus.
553 557 683 630 Cumque·
698 569 854 633 tyranuum
869 559 902 615 N
905 559 927 614 i·

131 638 238 694 coelem
252 637 407 713 improviso
416 637 614 714 oppressisset,
628 645 776 694 sexcentos
791 637 925 701 exsules,

132 715 180 788 qui
194 713 301 772 fuerant
314 716 375 791 ejus
398 715 517 772 civitatis
537 713 760 790 locupletissimi,
786 714 924 780 restituit,

130 811 246 866 remque
260 795 400 870 publicam
414 793 533 850 adventu
544 811 597 850 suo
607 793 742 851 liberavit
783 791 846 848 Sed
857 811 924 848 cum

131 891 261 946 magnam
276 872 505 930 animadverteret
515 873 543 928 in
555 869 636 930 bonis
651 880 678 930 et
688 870 923 946 possessionibus

133 949 334 1016 difficultatem,
356 949 431 1022 quod
444 959 472 1012 et
492 967 553 1016 eos,
576 967 647 1021 quos
667 949 730 1025 ipse
750 949 922 1014 restituerat,

132 1047 251 1100 quorum
266 1031 339 1086 bona
352 1027 399 1085 alii
412 1025 603 1104 possederant,
613 1043 695 1104 egere
706 1027 921 1098 iniquissimum

132 1107 320 1174 arbitrabatur,
349 1116 377 1163 et
403 1103 603 1181 quinquaginta
636 1123 771 1164 annorum
805 1123 922 1180 posses·

133 1185 228 1242 siones
250 1185 369 1246 moveri†
382 1203 439 1242 uon
458 1183 545 1241 nimis
566 1201 677 1256 aequum
697 1183 819 1260 putabat,
837 1201 921 1259 prop-

132 1273 208 1320 terea
221 1262 296 1336 quod
315 1273 372 1320 tam
385 1263 470 1339 longo
487 1263 578 1338 spatio
599 1261 687 1319 multa
708 1259 920 1327 hereditatibus,

132 1341 220 1400 multa
233 1341 411 1408 emtionibus,
431 1341 518 1399 multa
539 1339 649 1398 dotibus
672 1341 835 1397 tenebantur
859 1340 921 1395 sine

133 1420 245 1496 injuria,
268 1419 414 1497 judicavit,
436 1437 527 1490 neque
551 1418 617 1485 illis,
644 1415 739 1486 adimi,
760 1436 854 1490 neque
874 1417 919 1474 his

133 1515 192 1556 non
205 1497 345 1564 satisfieri,
365 1516 485 1568 quorum
498 1495 547 1553 illa
560 1495 677 1564 fueraut,
692 1507 831 1572 oportere.

175 1577 250 1634 Cum
264 1578 348 1653 igitur
361 1576 512 1642 statuisset,
533 1594 605 1650 opus
627 1593 690 1631 esse
715 1574 750 1630 ad
768 1593 833 1632 eam
860 1592 918 1631 rem

134 1655 355 1714 constituendam
376 1655 504 1730 pecunia,
520 1652 717 1710 Alexandriam
731 1671 762 1709 se
776 1651 917 1729 pro'fieisoi

136 1733 240 1814 [velle]
256 1734 336 1801 dixit,
351 1751 466 1804 remque
486 1734 622 1808 integram
642 1731 677 1788 ad
696 1731 816 1788 reditum
837 1749 917 1788 suum

130 1813 217 1888 jussit
228 1830 309 1870 esse:
331 1812 411 1882 isque
426 1811 551 1867 celeriter
565 1810 601 1870 ad
611 1809 824 1882 Ptolemaeum,‡
837 1827 917 1866 suum

135 1891 287 1968 hospitem,
302 1889 387 1954 venit,
403 1889 451 1960 qui
465 1897 524 1944 tum
538 1889 669 1963 regnabat
682 1889 750 1945 alter
763 1887 917 1964 posthlex·

135 1967 259 2026 andriam
273 1966 431 2029 conditam:
454 1965 499 2022 cui
513 1983 578 2022 eum
592 1967 780 2042 exposuisset,
803 1966 916 2043 patriam

76 2051 77 2054 ’
136 2061 167 2101 se
180 2045 296 2101 liberare
318 2043 399 2110 velle,
415 2061 598 2115 caussamque
623 2043 791 2118 docuisset,§
817 2065 833 2101 a
854 2061 916 2119 rege

167 2198 295 2248 *Aratus
327 2199 462 2248 Abuntides
484 2215 530 2248 one
548 2199 578 2248 of
595 2199 636 2249 tho
655 2207 749 2266 tyrents
773 2201 803 2250 of
824 2201 917 2266 Sicyon,

135 2263 227 2330 having
246 2263 321 2312 killed
337 2263 438 2323 Clinias,
449 2265 490 2313 the
501 2264 578 2314 father
590 2265 620 2314 of
630 2267 729 2325 Aratus,
740 2266 781 2313 the
793 2267 862 2315 letter
869 2282 917 2314 wes

136 2329 245 2379 received
260 2337 285 2378 at
296 2329 384 2404 Argos,
396 2331 444 2378 aud
459 2330 564 2396 brought
581 2347 614 2392 up
630 2331 662 2394 by
680 2331 720 2379 the
737 2330 828 2380 friends
844 2331 871 2380 of
882 2331 918 2380 his

136 2395 230 2444 famil.
262 2391 439 2443 Pluthite„
688 2423 691 2427 -

169 2461 182 2514 †
203 2409 309 2509 hlooeri:
326 2459 356 2507 el.
367 2473 500 2508 remouere:
517 2457 557 2507 the
569 2466 665 2522 present
676 2460 778 2526 reading
789 2461 811 2508 is
822 2461 918 2524 adopted

137 2527 153 2574 b
182 2525 288 2584 Ernesti,
298 2525 340 2574 the
351 2523 510 2598 Heusingers,
528 2525 576 2572 end
591 2525 725 2583 Gernhard,
736 2541 768 2573 on
780 2526 821 2574 the
827 2527 887 2575 seith
897 2526 923 2576 of

112 2619 117 2627 ·
161 2591 256 2650 rmvius,
273 2591 328 2640 who
339 2590 413 2639 found
424 2589 480 2638 itm
491 2605 537 2638 one
548 2589 667 2643 bib-all
683 2591 772 2649 others,
789 2591 838 2639 aud
856 2593 917 2656 early

138 2655 249 2715 editions,
259 2672 358 2705 movere.

170 2719 180 2769 i
193 2719 348 2770 Ptolemaeum
357 2739 365 2769 .·
375 2719 544 2782 Philadelphus
554 2735 560 2776 3
571 2717 612 2768 the
619 2719 707 2766 second
716 2719 804 2768 ofthat
812 2721 919 2833 dynastp

170 2782 362 2850 §caeteramque
387 2786 511 2836 docuisset.
543 2783 602 2834 Had
624 2783 751 2847 explained
773 2791 796 2832 to
816 2784 864 2834 him
885 2794 919 2834 tc

134 2845 333 2900 ,circumstances
