1970 3278
166 201 205 256 86
453 201 501 248 ΒΕ
518 200 670 250 oeelcns.

168 345 330 404 indecorum
344 342 492 408 videretur,
508 344 582 416 qnod
597 362 646 400 eos
661 342 749 400 fuisse
768 343 872 420 justos
889 365 954 404 acce·

168 425 272 501 pimus.
299 423 337 478 At
349 423 434 479 Atreo
449 421 568 490 dicente,
584 423 698 498 plausus
710 421 888 482 excitantur.
912 426 954 483 Est

168 504 242 560 enirn
271 500 355 578 digna
381 517 501 575 persona
528 502 625 558 oratio.
674 499 733 556 Sed
758 505 872 575 poetae,
899 502 953 575 quiid

168 597 308 652 quemque
331 579 436 645 deceat,
462 597 499 636 ex
525 598 644 654 persona
667 578 859 653 judicabunt:
883 582 952 639 nobis

167 669 259 715 autem
275 677 422 734 personam
438 658 644 734 imposuitipsa
657 669 765 724 natura,
781 677 952 736 magnacum

168 736 333 794 excellentia
368 738 581 814 praestantiaque
616 735 803 793 animantium
844 739 951 810 reliqua·

166 817 257 872 rurn?t

144 913 145 920 ¹
208 893 347 958 Quocirca
360 896 451 969 poete
465 892 493 950 in
507 911 607 968 magna
618 891 748 949 varietate
759 911 950 968 personarum,

167 971 252 1030 etiam
267 973 376 1030 vitiosis
391 971 459 1044 quid
472 971 629 1052 contremet,
642 971 747 1042 etquid
760 971 877 1042 deceat,
890 973 950 1030 vide

168 1051 253 1107 bunt:
270 1051 350 1108 nobis
359 1061 450 1108 autem
463 1068 527 1107 curn
539 1069 555 1106 a
567 1060 662 1106 natura
673 1051 857 1120 constantiae,
872 1051 949 1110 mode·

168 1129 293 1197 rationis,
304 1129 502 1204 temperantiae,
513 1127 686 1186 verecundia
699 1138 793 1202 partes
803 1129 949 1193 dataesinn

167 1221 288 1278 cumque
303 1207 400 1272 eadem
415 1219 511 1265 natura
524 1206 622 1264 doceat
633 1225 690 1264 non
703 1207 868 1283 negligere,
880 1227 949 1283 quen

168 1285 204 1344 ad
224 1286 339 1363 modum
359 1305 411 1344 nos
431 1285 564 1342 adversus
580 1285 709 1342 homines
725 1303 885 1360 geramus3
905 1288 949 1345 effi·

168 1365 248 1432 citur,
271 1375 303 1422 ut
326 1375 359 1422 et.
378 1365 456 1430 illud,
480 1363 553 1436 qood
580 1363 614 1420 ad
639 1381 753 1420 ornnem
780 1364 948 1424 honestatem

169 1446 298 1520 pertinet,
314 1443 455 1507 decorum,
471 1461 554 1514 quarn
569 1442 623 1498 late
638 1441 731 1498 luston
746 1443 795 1508 sit,
806 1455 947 1522 appareat;

169 1533 198 1580 et
217 1523 282 1590 hoc,
297 1521 372 1594 quod
392 1533 531 1597 spectatur
551 1521 580 1577 in
600 1539 771 1592 unoquoque
787 1541 897 1598 genere
912 1525 949 1580 vir·

175 1602 250 1660 tutis.
293 1601 337 1670 Ut¹
352 1601 426 1659 eninr
448 1598 625 1676 pulchritudo
646 1600 771 1674 corporis
795 1614 867 1677 apta
890 1621 950 1660 corn·

170 1681 310 1758 positione
333 1681 521 1738 membrorum
544 1688 639 1735 movet
659 1677 766 1743 oculos,
790 1690 820 1736 et
845 1683 950 1740 delectet

169 1759 225 1818 hoe
239 1761 312 1838 ipso,
325 1758 399 1832 quod
412 1759 482 1816 inter
493 1777 523 1814 se
535 1773 633 1814 omnes
645 1766 737 1836 partes
753 1775 821 1814 curn
838 1761 948 1832 quodam

170 1837 266 1914 lepore
280 1839 475 1894 consentiunt:
498 1837 544 1912 sic¹
554 1835 607 1892 hoc
622 1833 764 1902 decorum,
778 1839 859 1907 quod
872 1841 949 1898 elucet

170 1915 199 1973 in
215 1915 280 1982 uita,
295 1927 398 1979 mouet,
415 1914 642 1988 approbationem
663 1931 770 1980 eorum,
787 1918 949 1986 quibuscum

202 2139 216 2169 ⁸
234 2133 502 2201 Nobis—reliquorum:
518 2144 605 2191 cutura
621 2138 712 2204 herself
729 2137 774 2202 ltus
798 2140 909 2193 dietated
922 2141 950 2190 tle

168 2199 295 2258 edometur
306 2199 382 2250 which
393 2217 427 2250 ace
444 2219 486 2252 cre
497 2210 520 2254 to
535 2211 581 2261 act,
592 2204 620 2251 in
631 2201 716 2269 astigt
732 2203 823 2269 degree
836 2208 952 2272 ,exectiog

170 2265 260 2330 tltctof
273 2265 307 2313 all
318 2267 383 2330 other
399 2267 557 2317 animala-‘⁸
566 2269 693 2318 Genitivus
710 2285 788 2328 cesus,
801 2271 829 2319 in
841 2273 891 2322 hoe
906 2289 952 2337 ayn

170 2325 234 2390 texis
240 2328 394 2380 duriusculum
409 2333 527 2393 videtur,’‘
540 2333 678 2384 Fecoiolati.
705 2334 828 2384 Whether
846 2339 889 2388 the
904 2354 953 2404 gen·

169 2397 213 2444 der
223 2397 253 2444 of
258 2397 419 2446 animantiam
431 2399 517 2448 should
527 2401 556 2447 be
565 2398 673 2447 medeor
684 2399 740 2447 seut.
747 2400 769 2447 is
780 2417 797 2450 a
808 2405 953 2464 questiouon

170 2461 252 2511 which
260 2463 419 2511 transcribere
430 2466 478 2512 end
486 2465 576 2512 former
587 2465 676 2513 editors
691 2479 757 2512 seem
769 2473 854 2531 pretty
866 2468 953 2531 equally

170 2528 271 2577 divided
303 2527 357 2576 The
369 2527 458 2576 femie
474 2530 575 2592 adopted
591 2531 623 2593 by
634 2530 675 2578 the
692 2529 858 2596 Heusingers,
870 2535 919 2582 and
929 2535 953 2596 by

170 2593 306 2644 Gemherd
338 2593 425 2641 “Nam
437 2609 494 2642 cum
509 2597 616 2656 (natura)
629 2601 728 2654 ceteras
745 2595 889 2650 animantes
900 2600 953 2663 ubic

171 2659 244 2709 cisset
254 2661 285 2710 ad
297 2664 399 2721 pastum,
413 2659 491 2707 solum
500 2658 624 2706 hominem
636 2659 719 2717 erexit,
728 2659 758 2708 ed
768 2662 883 2724 colique,
893 2663 954 2727 quasi

169 2725 314 2838 ᾗςηᾴῑίοηί
333 2723 500 2839 ἓοωίοϋίὶᾳιιθ
519 2721 622 2786 pristini,
643 2731 799 2786 conspectum
822 2727 956 2779 exuant’·

255 2807 296 2855 ΕΠ·
307 2806 323 2839 ¹*
348 2824 356 2838 ·
