1984 3276
324 191 386 240 utu.
397 191 416 240 Ι.
434 191 506 242 ΟΑΡ.
518 191 584 242 viti.
800 196 840 252 25

43 333 176 406 viteque
197 329 288 392 cotan
309 351 374 392 cnm
394 333 531 410 elegantia
551 344 579 395 et
598 335 689 411 eopia.
729 334 840 402 Quibus

44 411 137 468 rebus
152 409 284 470 effectum
304 423 357 480 est,
377 423 408 470 ut
428 413 538 470 infinita
557 415 684 489 peouniae
701 412 841 490 cupidius

44 501 138 548 esset.
162 490 191 548 N
193 509 226 548 eo
240 509 308 548 vero
320 491 360 548 rei
371 491 515 550 familiaris
527 492 718 568 amplificatio,
732 491 839 550 nemini

44 587 171 634 nocens,
198 567 379 646 vituperanda
405 579 463 627 eet:
492 569 544 628 sed
569 569 701 648 fugienda
727 587 841 646 semper

47 647 160 724 injuria
175 645 262 725 [est]

90 726 223 784 Maxime
249 737 341 786 autern
369 725 542 785 adducuntur
567 726 705 803 plerique,
732 735 764 786 ut
790 744 840 786 eos

42 803 167 880 justitie
182 805 273 880 capiat
285 805 399 874 oblivio,
415 823 478 864 oum
495 807 524 863 in
544 805 737 881 imperiorum,
753 805 841 864 hono-

47 901 126 949 rum,
142 883 237 958 gloriae
252 877 431 960 cupiditatem
451 883 617 944 inciderunt.
658 883 743 952 Quod
763 885 841 942 euim

48 971 96 1022 est
110 959 186 1038 apud
200 961 336 1032 Ennium,
412 1020 415 1024 .

93 1071 192 1133 Nullo
205 1083 308 1135 renota
321 1076 453 1147 norietur,
467 1073 708 1156 norfidearegni
721 1081 764 1134 eat
771 1077 803 1147 ς*

51 1188 80 1247 id
103 1190 188 1248 latius
209 1191 307 1267 patet.†
328 1191 404 1250 Nam
427 1191 563 1264 quidquid
587 1189 728 1267 ejusmodi
748 1189 841 1247 estin

51 1287 110 1342 quo
125 1288 182 1328 non
197 1271 307 1346 possint
316 1270 410 1346 piures
420 1271 568 1337 excellere,
583 1270 614 1328 in
627 1289 662 1328 eo
675 1269 707 1326 fn
720 1267 842 1345 plerum·

51 1365 108 1420 que
131 1359 207 1404 tanta
228 1349 379 1417 contentio,
402 1358 434 1406 ut
452 1348 650 1406 difficillimum
674 1345 716 1404 sit·
730 1364 841 1404 servare

52 1435 180 1481 sanctam
194 1426 365 1484 societatem.
387 1427 546 1484 Declaravit
558 1426 588 1484 id
602 1426 687 1484 modo
700 1425 841 1484 temeritas

7 1519 8 1524 ¹
55 1499 93 1556 0.
110 1500 243 1568 Caesaris,
259 1504 306 1573 qui
320 1506 416 1561 omnia
433 1506 497 1580 jura
515 1505 610 1562 divina
623 1517 705 1576 atque
718 1504 843 1560 humana

39 1578 206 1654 pervertitss
223 1590 335 1654 propter
355 1599 430 1648 eum,
454 1600 539 1652 quem
553 1582 608 1638 eibi
622 1583 684 1656 ipse
699 1580 842 1656 opinionis

56 1673 150 1714 errore
171 1657 291 1714 tinxerat
311 1657 508 1732 principatum.
547 1658 603 1714 Eat
622 1670 715 1714 autem
738 1658 767 1714 in
787 1656 843 1713 hoo

55 1753 158 1811 genere
172 1735 333 1802 molestum,
348 1733 424 1808 quod
438 1736 468 1792 iu
481 1735 614 1792 maximia
628 1733 740 1802 animis,
750 1734 843 1812 eplen'·

57 1908 846 2033 iimitss'iis'ssiffitiffihffl?iiiiiihi”iiiiiihihi}

59 2051 145 2096 money
154 2051 269 2096 procurre
279 2038 390 2096 soldierr,
400 2037 502 2084 soldiern
514 2051 560 2084 can
573 2047 675 2096 procure
686 2052 782 2098 money.
799 2038 842 2084 As·

59 2109 96 2147 ter
107 2101 147 2160 alt,
158 2101 181 2146 J.
194 2100 228 2148 Μ.
242 2101 401 2162 Heusinger'e
418 2103 516 2148 remark
527 2115 559 2146 on
571 2102 618 2148 thie
630 2099 725 2162 subject
736 2115 842 2160 appears

54 2161 115 2226 just,
123 2165 175 2210 that
182 2165 223 2210 the
230 2164 353 2212 Triumvir
360 2165 437 2225 might
446 2180 517 2212 menn
526 2173 551 2211 to
560 2165 736 2224 insinuate,not
744 2165 797 2212 that
804 2164 841 2212 hia

60 2228 145 2274 wenlth
158 2243 207 2275 wne
216 2229 337 2288 adequare
349 2237 374 2276 to
391 2229 432 2274 the
444 2235 546 2288 support
557 2229 587 2276 oi
600 2244 631 2275 nn
644 2243 723 2288 army,
735 2231 778 2276 but
788 2230 842 2275 that

60 2291 100 2340 the
117 2306 173 2354 very
192 2300 308 2354 contrary
322 2293 395 2354 being
415 2293 550 2354 notorious,
568 2292 651 2352 public
667 2291 755 2354 liberty
767 2293 841 2340 could

60 2363 102 2404 not
113 2357 141 2402 be
152 2356 309 2418 endangered
321 2357 353 2417 by
365 2357 424 2404 him.

91 2421 103 2449 ’
116 2416 193 2484 Regni
203 2425 243 2468 rat.
274 2419 323 2468 But
338 2420 409 2468 small
420 2420 555 2481 fragmenta
566 2420 596 2466 οἰ
608 2420 650 2466 the
662 2421 741 2466 werke
752 2419 782 2472 οἷ
791 2420 841 2466 En·

62 2483 113 2532 uiue
124 2485 183 2532 hare
191 2485 252 2530 been
262 2485 406 2543 preserved:
419 2485 481 2530 from
494 2484 572 2530 which
585 2484 615 2530 oi
623 2484 687 2530 them
700 2483 747 2532 thir
759 2482 809 2530 line
820 2483 841 2530 ie

62 2549 191 2605 honored,
204 2556 269 2596 munt
280 2563 333 2594 now
346 2549 439 2596 remain
452 2549 582 2594 unknown.

93 2616 103 2665 i
115 2611 141 2660 ht
150 2611 302 2674 totina‘potet.
339 2611 399 2660 Thu!
410 2612 477 2660 haro
487 2625 551 2658 more
559 2609 677 2662 extensive
686 2608 842 2672 application.

93 2677 104 2733 2
116 2675 234 2732 Pervenit.
255 2675 304 2722 But
315 2689 330 2722 a
343 2676 388 2722 few
396 2676 493 2723 months
504 2675 554 2720 had
566 2675 665 2734 elapsed
678 2676 789 2721 between
800 2673 841 2721 the

64 2739 133 2788 death
150 2739 179 2785 oi
195 2739 278 2786 Gener
300 2740 349 2786 and
368 2740 410 2786 the
431 2737 592 2798 composition
615 2739 644 2784 of
664 2735 713 2782 thie
732 2735 841 2784 treatise.

65 2803 146 2850 wuito
157 2801 187 2848 he
202 2815 253 2847 wne
264 2802 327 2847 alive
345 2803 394 2848 end
413 2803 438 2848 in
451 2801 589 2860 ponaeeuion
606 2801 635 2848 ot'
650 2811 740 2862 power,
752 2797 841 2848 Cicero

64 2868 110 2916 had
120 2867 179 2914 been
190 2878 219 2913 ne
229 2871 392 2928 extravegnnt
402 2865 427 2914 iu
439 2865 476 2912 hie
485 2863 620 2913 adulationi.

446 2933 463 2982 ³
