1970 3278
349 739 386 792 Μ.
405 739 525 792 TULLII
551 735 735 790 CICERONIS

294 913 393 1000 DE
432 906 791 1000 OFFICIIS

342 1316 542 1381 MARcUM
564 1313 736 1378 sumu.

349 1715 472 1776 LIBER
492 1712 723 1773 SECUNDUS.

445 1892 623 1929 ARGUMENTUII·

144 2029 200 2077 Hoc
207 2028 288 2087 Libro,
295 2025 389 2074 de'utili
394 2025 481 2091 agitur,
488 2041 542 2088 quus
551 2032 603 2074 erut
616 2025 690 2074 ultera
697 2027 930 2089 purstotiusdsOffi·

175 2093 220 2141 ciis
227 2090 394 2155 disputationis
401 2091 537 2140 constituta.
555 2091 621 2140 Utile
627 2097 709 2140 autem
715 2092 795 2140 sstvel
801 2094 930 2156 opinatum.

176 2157 239 2220 quod
250 2159 281 2204 ub
291 2157 392 2204 honesto
402 2155 529 2218 discrepat,
538 2157 576 2205 vel
587 2172 677 2215 rerum,
687 2157 751 2218 quod
762 2173 823 2206 oum
834 2159 931 2207 honesto

176 2228 213 2270 est
224 2223 382 2286 conjunctum
396 2227 421 2269 et
435 2228 522 2270 notura
535 2221 672 2280 confusum,
683 2228 707 2270 et
718 2227 797 2270 totum
808 2223 836 2271 in
847 2223 931 2272 virtuto

176 2304 191 2335 a
206 2285 323 2349 Cicerone
343 2286 504 2334 constituitur.
536 2286 583 2335 Sed
602 2287 718 2349 quonium
734 2303 888 2352 quocunque
904 2287 932 2336 ud

176 2351 251 2399 vitum
263 2351 391 2399 hominum
402 2353 516 2400 tuendum
529 2353 593 2401 stud
603 2351 732 2401 utilitatem
740 2359 853 2401 nostrum
865 2351 933 2416 perti·

176 2423 242 2475 nent,
253 2423 296 2464 aut
306 2422 364 2464 sunt
374 2416 503 2464 hominum
516 2432 587 2478 opere
598 2417 711 2481 perfectu,
723 2423 765 2465 sut
779 2417 835 2466 sine
851 2432 933 2467 sorum

176 2482 266 2531 auxilio
283 2481 419 2542 computari
434 2497 484 2529 non
499 2489 606 2543 possunt,
622 2482 778 2546 homiuesquo
794 2483 934 2531 hominibus

177 2547 310 2612 plurimum
325 2547 408 2594 obesse
419 2555 444 2594 et
454 2547 566 2608 prodesse
582 2555 689 2609 possunt,
706 2547 797 2596 relictis
813 2547 934 2605 omnibus,

177 2614 247 2661 docet
264 2611 427 2660 conciliandos
446 2627 499 2659 osso
518 2611 613 2660 animos
632 2611 767 2670 hominum,
784 2617 810 2660 et
827 2612 861 2660 sd
878 2627 935 2660 usus

177 2685 273 2726 nostros
290 2677 467 2741 adjungendos:
484 2677 547 2739 quod
562 2678 681 2738 quomodo
692 2676 744 2724 fiori
756 2675 833 2738 possit
849 2692 900 2726 non
910 2676 935 2724 in

177 2741 281 2806 singulis
298 2742 371 2790 modo
385 2740 532 2798 hominibus,
547 2740 589 2788 sed
606 2741 681 2789 etism
699 2739 726 2787 in
743 2740 902 2790 multitudino
913 2747 936 2789 et

177 2806 264 2867 populo
282 2807 404 2866 universo,
423 2807 476 2855 fisse
493 2805 682 2862 demonstratum
698 2804 740 2852 ssd
757 2804 793 2853 itu
809 2811 839 2854 ut
856 2805 937 2854 omnis

178 2881 246 2916 amor
255 2876 326 2933 utque
337 2869 502 2921 benovolentia
512 2869 639 2918 hominum
650 2886 666 2919 u
676 2869 763 2919 virtuts
774 2876 800 2919 ot
810 2870 937 2921 honestato
