1970 3272
144 203 203 260 ιω
445 197 494 246 nr:
511 193 667 248 omens·

143 339 400 402 inrorthabeann
419 339 601 410 dubitandum
625 359 682 400 non
700 349 755 409 est,
767 341 841 414 quin
857 361 945 400 num·

143 437 227 494 quum
251 418 341 494 possit
363 417 467 476 utilitas
492 437 556 476 cunr
582 421 727 478 honestate
752 421 944 479 contendere.

142 497 238 570 Iteque
251 496 421 572 accepimus,
433 497 577 556 Socratem
589 499 728 556 exsecrari
740 498 861 556 solitum
875 518 940 566 eos,

142 575 201 648 qui,
216 573 337 650 primum
352 573 412 632 haec
426 585 524 634 nature
537 575 714 643 coherentia,
725 577 866 653 opinione
882 577 942 636 dis·

129 653 298 712 'traxissent
340 652 397 712 Oui
418 653 533 726 quidem
552 655 591 711 ite
609 657 676 712 lunt
698 655 787 712 Stoici
810 658 938 724 assensi,

140 739 212 788 utet
225 729 359 804 quidquid
374 732 523 790 honestum
540 742 625 800 esset,
641 732 670 789 id
689 734 757 790 utile
778 751 845 790 esse
869 753 939 792 cens

139 818 248 877 serentt
269 827 322 866 nec
343 810 411 867 utile
425 811 587 882 quidquam,
603 810 679 883 quod
693 830 750 868 non
765 811 934 870 lionesturn.

178 885 262 952 Quod
273 888 298 946 si
309 888 333 946 is
346 901 421 946 esset
435 889 663 961 praestruerent
675 889 805 946 virtutem
816 901 935 966 propte·

139 983 187 1024 ree
207 965 353 1024 colendam
374 966 487 1034 diceret,
502 967 579 1040 quod
599 986 633 1024 ea
653 966 779 1025 efficiens
801 969 935 1026 utilitatis

137 1055 231 1112 esset3
253 1055 281 1102 ut
296 1043 326 1112 ii,
341 1044 390 1116 qui
404 1063 449 1102 res
463 1045 635 1121 expetendos
649 1045 695 1102 vel
717 1046 871 1122 voluptate.
889 1047 935 1105 vel

138 1120 306 1195 indolentiess
318 1122 490 1180 metiuntur:
512 1124 610 1181 liceret
622 1133 651 1180 et
664 1123 767 1191 dicere,
779 1124 933 1182 utilitatem

137 1199 286 1271 aliquando
308 1217 373 1258 cum
395 1201 541 1260 honestate
561 1220 696 1278 pugnare.
738 1201 795 1259 Sed
810 1221 879 1260 eum
896 1204 934 1260 sit

136 1277 172 1344 is,
186 1277 235 1350 qui
257 1276 286 1336 id
306 1278 398 1336 solum
419 1280 525 1337 bonum
542 1279 661 1356 judicet,
676 1279 752 1352 quod
774 1279 931 1339 honestum

136 1355 192 1422 sitt
212 1374 273 1428 que
298 1367 391 1414 sotem
416 1357 483 1414 huic
505 1368 662 1433 repugnent
685 1358 780 1432 specie
806 1359 930 1430 quadam

135 1433 276 1501 utilitatis,¹
286 1448 383 1492 eorum
399 1453 489 1507 neque
504 1437 666 1494 accessione
679 1435 826 1494 meliorem
841 1438 929 1496 vitam

135 1511 206 1580 fieri.
222 1531 274 1572 uec
296 1512 461 1570 decessione
482 1513 629 1590 pejorem:
652 1532 709 1572 non
730 1513 840 1572 videtur
865 1517 928 1592 ojus

135 1589 212 1652 modi
227 1591 358 1650 debuisse
373 1591 601 1650 deliberationem
616 1591 802 1660 introducere,
815 1594 846 1650 in
861 1613 927 1666 qua,
965 1652 966 1660 ,

135 1669 211 1742 quod
224 1671 292 1730 utile
306 1669 455 1740 videretur,
470 1689 536 1730 cum
550 1689 584 1728 eo
605 1669 682 1742 quod
702 1669 857 1731 honestum
872 1684 926 1740 est,

133 1760 350 1825 compararetur.

174 1827 289 1886 Etenim
304 1825 380 1900 quod
393 1845 536 1884 summum
550 1828 655 1884 bonum
668 1845 684 1883 e
696 1827 800 1884 Stoicis
813 1827 923 1897 dieitur,

134 1905 334 1964 convenienter
346 1914 450 1961 nature
462 1905 566 1973 vivere,
581 1904 609 1962 id
624 1905 707 1962 habet
721 1905 804 1974 hanc,
819 1917 852 1964 ut
865 1909 925 1984 opi-

133 1999 195 2050 nor,
207 1981 385 2050 seutentiam,
400 2000 464 2040 cunr
486 1983 585 2040 virtute
605 1985 774 2060 congruere§
790 2003 921 2063 semper:

165 2135 294 2248 *kldt'rtt'mt'
308 2138 424 2185 momenti
435 2137 533 2186 inetur:
549 2144 590 2186 not
610 2136 650 2186 tle
665 2137 727 2187 least
742 2139 833 2204 weigltt
850 2142 877 2188 in
887 2139 923 2188 tlte

133 2213 174 2247 eea
198 2233 205 2247 .

164 2264 177 2316 †
194 2263 220 2313 1·
231 2269 293 2312 aret
303 2263 450 2314 ranerius.-
465 2266 491 2331 r’f
498 2267 627 2324 Panotios
638 2282 689 2316 tous
700 2282 743 2316 one
755 2267 783 2332 os
790 2268 862 2319 thore.

165 2327 176 2380 l
192 2327 344 2378 Indolentt‘or
360 2328 460 2380 ultronee
471 2332 499 2395 os
507 2334 570 2397 poio
581 2332 632 2380 ond
642 2331 740 2382 trouble.
773 2333 838 2382 This
849 2337 923 2394 word,

132 2390 159 2442 in
170 2393 211 2442 the
226 2399 323 2456 present
340 2409 418 2454 sense,
429 2396 451 2444 is
469 2397 586 2462 probably
597 2397 705 2460 peculim
716 2403 742 2446 to
757 2397 851 2448 Cicero.
883 2401 922 2450 He

131 2459 261 2510 translates
271 2458 313 2508 tho
324 2473 450 2510 summum
461 2462 553 2510 bonum
564 2461 594 2511 of
603 2462 772 2526 Hieronymus
783 2465 814 2512 of
819 2464 923 2526 Rhodes,

132 2523 224 2582 (which
235 2524 256 2574 is
267 2526 299 2589 by
308 2523 361 2574 thet
369 2525 521 2588 philosopher
530 2528 623 2576 termod
632 2527 792 2591 deceperis)
800 2535 814 2558 “
825 2529 921 2580 Dolorir

127 2589 209 2700 pppis
223 2590 364 2640 amotionem
373 2606 383 2647 ,·
399 2597 427 2640 nt
443 2591 478 2638 itu
495 2590 583 2657 dicam,
597 2592 779 2644 indolentiem.''
814 2594 852 2644 De
868 2595 921 2646 Fin.

129 2663 156 2700 ιι.
184 2686 190 2700 .

162 2713 176 2772 d
186 2715 333 2782 congruere.
350 2717 547 2770 Thestoimheld
554 2720 606 2770 that
613 2719 809 2786 dnrtopronltoer
818 2720 849 2774 ol
858 2727 921 2780 oden

129 2771 355 2887 [pneumon
367 2783 614 2859 umngnueooom
623 2786 685 2836 ω’
693 2786 771 2852 perr
781 2787 831 2902 pt.
841 2777 922 2856 'mog

166 2847 210 2890 ert
221 2859 262 2894 vn.
273 2846 311 2895 87.
326 2873 331 2882 ·
344 2847 384 2900 To
394 2849 441 2901 lire
458 2865 485 2900 ιιι
496 2850 643 2920 conformity
655 2852 715 2907 with
728 2852 771 2901 the
807 2869 831 2904 w
842 2853 872 2904 of
882 2871 922 2905 ns
