1970 3278
149 208 204 267 1118
419 211 467 260 DE
485 209 638 260 oumcns.

146 364 242 413 essent
255 353 556 430 deformomhabiturae
571 363 653 426 atque
667 361 788 427 turpem,
803 367 854 408 eac
870 369 940 410 corr·

145 435 216 490 texit
230 444 310 504 atque
322 431 435 490 abdidit.
476 432 559 488 Hanc
573 442 676 489 naturae
690 440 746 488 tam
766 427 940 506 diligentem

145 511 277 568 fabricam
300 510 405 566 imitata
415 521 469 572 ,eet
482 511 629 568 hominurn
643 507 821 566 verecundia.
863 509 939 574 Quae

146 588 332 646 enimnatura
352 590 509 656 occultavit,
531 587 631 646 eadem
655 605 764 653 omues,
790 587 841 658 qui
866 606 940 644 sarra

145 675 239 724 mente
253 675 328 732 sunt,
342 678 489 728 removent
508 667 542 724 ab
563 666 673 724 oculis:
702 665 814 742 ipsique
836 683 939 722 neces-

144 744 218 800 sitati
232 743 299 801 dant
312 763 426 820 operam
440 756 471 804 ut
484 763 568 817 quam
581 743 771 802 occultissime
796 753 936 818 pareant:

145 839 318 893 quarumque
334 825 453 898 partium
466 823 592 900 corporis
606 840 674 880 usus
689 830 755 878 eunt
768 822 936 888 neceesarii,

144 918 192 956 eas
207 919 299 973 neque
313 910 416 978 partes,
429 920 521 974 neque
535 919 631 958 earum
644 918 712 958 usus
732 899 792 957 suis
811 899 937 957 nomini·

144 978 197 1036 bus
222 978 379 1056 appellant:
415 979 546 1052 quodque
571 979 661 1037 iacere
686 988 766 1054 turpe
791 995 851 1034 non
880 988 934 1045 est,

144 1055 230 1114 modo
240 1058 359 1126 occulte,
371 1057 401 1116 id
411 1058 503 1116 dicere
514 1059 670 1115 obscenum
680 1067 732 1114 est.
772 1055 871 1128 Itaque
881 1075 934 1114 nec

144 1145 240 1211 aperta
253 1136 325 1194 actio
348 1153 442 1194 rerum
465 1137 577 1198 illarum
599 1135 751 1212 petulantia
774 1143 865 1203 vacat,
881 1153 935 1194 nec

143 1215 243 1282 oratio,
257 1215 456 1272 obscenitate*
719 1270 723 1278 ,

184 1292 248 1350 Nec
269 1311 336 1351 vero
349 1293 480 1352 audiendi
493 1301 559 1350 cunt
573 1291 689 1368 Cynici,
704 1300 751 1348 aut
765 1292 792 1349 si
806 1292 855 1362 qui
875 1291 935 1350 suc·

142 1380 207 1428 runt
228 1372 317 1430 Stoici
341 1391 421 1448 paene
444 1371 574 1448 Cynici‚†
598 1371 647 1444 qui
669 1369 880 1446 reprehenduut
906 1379 936 1427 et

143 1447 268 1518 irrident,
284 1450 360 1522 quod
373 1469 416 1518 ea,
433 1469 495 1522 quae
510 1450 601 1526 turpia
613 1467 644 1506 re
658 1467 716 1508 uon
730 1447 796 1516 siut,
810 1449 934 1506 nomini·

142 1527 195 1585 bus
211 1547 242 1585 ac
255 1529 346 1586 verbis
360 1527 501 1606 flagitiosa
513 1527 667 1586 ducamus:
689 1527 738 1586 illa
751 1537 855 1594 autem,
870 1545 935 1600 quae
972 1539 973 1544 ’

143 1605 236 1684 turpia
249 1607 497 1676 sunt'nominibus
511 1605 684 1684 appellemus
699 1606 769 1664 suis.
809 1605 935 1664 Latroci-

142 1685 213 1754 nari,
230 1685 365 1755 fraudare,
380 1687 544 1753 adulterare,
559 1704 589 1743 rc
604 1694 683 1762 turpe
698 1693 751 1751 cst,
765 1681 818 1742 sed
831 1683 935 1742 dicitur

84 1773 86 1782 ’
142 1782 201 1823 non
210 1767 346 1824 obscene:v
362 1765 457 1823 liberis
469 1766 534 1823 darc
545 1781 670 1840 operam,
679 1781 708 1820 re
720 1763 932 1831 honestumest,

142 1845 257 1900 nomine
271 1845 445 1901 obscenum:
474 1843 608 1918 pluraque
632 1841 662 1900 in
687 1859 749 1898 eam
763 1843 933 1900 sententiam

143 1920 177 1976 ab
191 1920 300 1978 eisdem
314 1931 411 1978 contra
421 1919 618 1977 verecundiam
639 1919 826 1996 disputantur.
867 1920 932 1978 Nos

143 2008 236 2053 autem
250 2008 376 2054 naturam
387 2015 546 2068 sequamur,
559 2007 588 2054 et
601 1999 635 2055 ab
646 1999 733 2064 omni,
744 1998 821 2070 quod
833 1999 933 2058 abhor-

140 2084 183 2130 ret
195 2075 229 2131 ab
238 2073 382 2133 oculorum
389 2076 552 2148 auriumque
563 2077 773 2154 approbatione,
781 2075 931 2154 fugiamus.

173 2227 285 2276 *Oratio
304 2227 453 2280 obscenitate.
485 2230 541 2279 The
560 2231 675 2296 ordinary
687 2231 771 2280 rcadin
790 2268 797 2290 ,
814 2233 932 2282 maionis

138 2289 278 2351 obscenitate,
298 2293 320 2342 is
338 2294 448 2345 followed
468 2297 501 2361 by
520 2297 561 2346 the
577 2297 744 2362 Heusinger-o:
796 2313 810 2345 e
826 2305 932 2360 present,

138 2356 221 2406 which
233 2357 364 2408 Facciolati
379 2362 428 2410 arrd
439 2361 567 2410 Gcmhard
578 2361 639 2410 have
651 2361 752 2425 adopted
763 2361 827 2410 from
840 2363 933 2412 several

138 2423 206 2487 early
217 2422 327 2482 editions,
338 2425 433 2490 though
449 2427 582 2475 confirmed
602 2427 647 2476 but
657 2429 690 2492 by
701 2442 747 2476 otro
758 2426 789 2474 of
798 2427 841 2476 the
859 2427 933 2478 MSS.

138 2487 264 2538 conoultcd
276 2489 355 2554 hythe
367 2490 528 2558 Heusingera,
539 2505 640 2556 appear·
656 2499 682 2542 to
692 2491 765 2540 merit
781 2493 823 2541 tho
842 2493 933 2556 prefer-

138 2569 269 2669 capam
283 2618 377 2684 Cynici.
394 2615 466 2667 Some
475 2619 553 2668 Stoice
564 2621 672 2670 adhered
681 2627 706 2669 to
717 2621 758 2670 the
768 2621 852 2685 Cynic
860 2629 932 2680 tenet,

137 2693 182 2792 {ll
193 2684 933 2814 liamll}Jia'lffll'llplffa‘lffl‘aaliffillinldii

138 2807 197 2855 Μ’
229 2809 385 2864 tractatui.
397 2813 449 2862 121.
580 2786 586 2809 l
740 2779 741 2784 =
924 2784 932 2792 ι
