1970 3272
137 197 193 253 1ΰῦ
416 195 464 243 DE
482 193 635 243 omens.

134 347 277 412 tamqnam
297 337 327 394 in
346 335 502 393 clarissima
521 335 590 393 luce·
605 345 740 412 versetur,
762 336 801 394 ita
814 333 926 394 nullum

135 417 286 474 obscurum
299 423 392 489 potest
401 431 454 471 nec
468 413 574 472 dicmm
585 413 647 490 ejus
659 432 732 482 esse,
745 433 798 472 nec
807 414 925 472 lactum.
955 427 956 436 ¹

136 495 263 561 Quorum
273 501 365 549 autem
379 493 470 567 prima
480 504 561 550 aestas
574 504 686 568 propter
697 493 886 552 humilitatem
898 503 926 550 et

134 572 330 631 obscuritatem
347 571 376 628 in
391 569 538 634 hominum
551 571 724 648 ignoratione
743 582 880 639 versatur,
894 571 925 629 hi
957 612 958 632 ,

135 649 220 707 simul
241 667 273 705 ac
288 649 409 724 juvenes
423 667 487 706 esse
501 659 654 725 creperum,
676 668 778 726 magna
797 661 925 726 spectare

135 739 163 785 et
177 726 211 784 ad
224 745 259 784 ea
267 727 351 784 rectis
365 727 465 785 studiis
480 727 582 785 debent
592 727 776 785 contendere:
799 727 877 800 quod
891 747 925 787 eo

135 805 258 863 firmiore
279 806 374 864 auimo
387 805 498 870 sacient,
507 807 575 877 quia
594 824 651 864 non
672 805 757 864 modo
775 825 834 866 non
854 807 925 864 invi-

135 884 214 942 detur
227 884 268 940 illi
283 885 365 950 aetati,
380 901 476 940 verum
490 885 575 940 etiam
589 883 705 941 favetur.

176 961 274 1020 Prima
297 974 341 1019 est
361 962 445 1038 igitur
465 961 635 1019 adolescenti
654 962 863 1022 commendatio
891 963 924 1021 ad

136 1040 253 1116 gloriam
267 1041 293 1097 si
306 1057 362 1112 qua
374 1059 411 1097 ex
425 1039 533 1096 bellicis
546 1040 630 1096 rebus
643 1043 800 1116 comparari
815 1051 923 1117 potest3

135 1120 166 1177 in
188 1137 244 1196 qua
263 1118 344 1176 multi
371 1117 446 1194 apud
465 1118 587 1194 majores
608 1128 719 1178 nostros
739 1120 923 1178 exstiterunt:

135 1215 249 1272 semper
262 1197 337 1253 enirn
361 1196 417 1253 sere
442 1197 514 1253 bella
530 1197 704 1273 gerebantur.
744 1198 812 1255 Tua
832 1210 925 1257 autem

137 1286 203 1334 aetas
218 1274 316 1333 incidit
328 1275 358 1336 in
374 1274 403 1332 id
413 1275 528 1340 bellum,
543 1275 623 1350 cujus
636 1276 721 1334 altera
733 1295 797 1353 pars
810 1277 925 1334 sceleris

135 1354 255 1412 nimium
269 1353 375 1422 habuit,
391 1353 476 1411 altera
498 1353 638 1412 felicitatis
653 1373 761 1431 parum.
802 1355 868 1422 Quo
888 1368 927 1413 ta·

136 1450 203 1490 men
217 1431 343 1498 inbelle,
359 1449 424 1489 cum
437 1441 464 1489 te
479 1431 635 1508 Pompeius
649 1433 700 1490 alae
713 1432 809 1492 alteri*
829 1434 903 1511 praef
916 1467 926 1478 ·

137 1511 232 1579 cisset,
253 1528 384 1586 magnam
404 1509 516 1568 landem
530 1521 558 1567 et
576 1530 594 1567 a
615 1529 728 1570 summo
747 1512 818 1579 viro,
841 1522 870 1569 et
892 1514 926 1570 ab

137 1591 262 1648 exercitu
276 1590 482 1663 consequebare
496 1589 656 1662 equitando,
671 1589 832 1668 jaculando,
846 1591 925 1648 omni

137 1669 251 1728 militari
271 1669 366 1726 labore
389 1667 543 1726 tolerando.
583 1670 675 1740 Atque
689 1687 723 1725 ea
743 1667 856 1738 quidem
879 1681 926 1726 tua

137 1749 199 1806 laus
214 1748 316 1825 pariter
337 1766 402 1805 cnm
415 1746 572 1822 republica
591 1745 701 1802 cecidit.
740 1743 816 1800 Mihi
830 1755 925 1806 autem

138 1827 199 1884 haec
213 1827 301 1884 oratio
321 1834 453 1900 suscepta
465 1843 522 1881 non
536 1823 570 1880 de
584 1833 611 1878 te
625 1831 677 1884 est.
692 1819 744 1877 sed
764 1819 799 1877 de
820 1839 925 1897 genere

138 1904 221 1966 total
245 1904 337 1970 Quam
351 1903 387 1960 ob
400 1919 460 1958 rem
471 1915 622 1975 purgamus
634 1897 670 1954 ad
680 1916 722 1966 ea,
733 1916 796 1971 quae
810 1910 925 1962 restant.

179 1982 219 2039 Ut
231 1981 315 2057 igitur
334 1981 365 2037 in
385 1977 500 2050 reliquis
524 1977 607 2033 rebus
632 1975 720 2034 multo
733 1977 841 2055 majora
859 1992 925 2040 sunt

170 2158 186 2190 ⁸
196 2153 250 2204 Ate
261 2153 340 2202 alteri.
372 2151 412 2202 To
422 2151 482 2202 each
491 2150 574 2218 legion
584 2167 649 2202 were
660 2153 772 2203 attached
790 2159 840 2204 two
858 2172 925 2218 squa-

139 2221 211 2270 drons
220 2218 250 2268 of
255 2219 334 2276 horse,
340 2217 422 2267 which
433 2220 534 2267 covered
542 2218 574 2266 its
583 2217 671 2267 flanlrs.
703 2219 758 2268 The
765 2222 893 2269 command
902 2220 931 2270 of

139 2301 185 2335 one
200 2283 230 2333 of
241 2284 302 2333 such
320 2283 452 2346 squndrons
469 2297 521 2332 was
539 2283 671 2342 conferred,
684 2284 704 2333 it
715 2300 801 2344 seems,
812 2285 843 2350 by
856 2285 924 2334 Pom-

139 2367 194 2413 pey,
205 2365 237 2398 on
247 2349 288 2397 the
298 2363 409 2412 younger
419 2347 512 2397 Cicero.
544 2348 585 2398 He
596 2349 667 2397 could
677 2349 787 2398 notheve
802 2351 925 2413 possessed

140 2414 261 2465 sufficient
272 2413 412 2477 experience
424 2412 460 2462 for
472 2413 533 2462 such
544 2430 559 2462 a
570 2415 710 2463 command:
727 2416 776 2463 and
787 2415 872 2464 indeed
885 2416 924 2465 the

140 2481 305 2545 employment
315 2479 345 2528 of
355 2478 394 2526 his
405 2478 472 2538 time,
482 2495 515 2528 on
525 2478 608 2528 which
618 2478 657 2527 his
669 2479 746 2528 father
758 2481 924 2542 complimeuts

139 2547 200 2605 him,
212 2561 310 2594 mvnurs
321 2559 389 2592 more
400 2544 430 2593 of
440 2544 481 2592 the
492 2544 589 2602 recruit,
598 2544 657 2592 than
665 2544 706 2593 the
717 2544 870 2594 field-officer.

173 2605 186 2664 '†
197 2611 236 2660 Dc
245 2626 333 2676 genere
344 2617 397 2658 toto.
429 2611 454 2658 Α
465 2609 512 2658 few
523 2609 595 2658 MSS.
612 2609 669 2674 herq
681 2609 757 2658 insert
773 2610 899 2674 juvenum,
909 2627 925 2659 a

140 2677 207 2740 gloss
218 2677 333 2740 probably
343 2676 417 2724 taken
428 2675 490 2724 from
501 2673 542 2723 the
554 2674 658 2740 margin,
664 2674 746 2724 which
757 2675 867 2724 however
878 2675 924 2724 fur·

140 2741 224 2789 nirhes
235 2743 276 2792 the
287 2742 402 2807 meaning
414 2748 457 2804 put
466 2756 498 2788 on
508 2739 529 2788 it
539 2740 572 2804 by
584 2740 675 2790 several
685 2740 847 2802 interpretem.
872 2740 924 2790 The

140 2803 294 2871 Heusingers
304 2809 380 2856 re'eet
390 2807 439 2856 this
450 2805 573 2870 meaning,
584 2806 632 2856 and
647 2806 719 2872 apply
730 2803 779 2855 this
790 2821 890 2874 passage
901 2813 924 2856 to

141 2865 182 2915 the
189 2885 291 2921 retorem
355 2873 388 2921 tt'o
398 2871 431 2921 ad
439 2871 551 2936 glorium.
