1968 3268
310 223 312 227 v
358 163 424 213 uo.
432 163 478 210 ιιι.
496 158 573 212 css.
583 163 628 214 111.
827 135 885 225 21'7

72 315 191 366 eetere
207 311 312 372 autem,
327 323 389 377 que
409 303 563 362 seeundum
582 282 708 364 natuiam
728 315 831 373 essent,
847 305 886 362 ita

72 386 224 463 legere*
238 381 265 439 si
278 401 312 439 ee
321 383 416 443 virtuti
430 400 487 440 non
500 393 693 460 repugnarent
725 383 809 450 Quod
819 401 884 442 oum
937 421 942 430 ·

73 465 123 522 ila
148 463 209 530 sit,
225 469 324 537 putant
337 459 460 534 quidam,
475 460 548 516 hano
568 461 802 538 oonrparationenr
826 479 884 520 non

72 553 166 600 reete
183 537 386 605 introductam,
401 557 454 595 neo
467 539 584 597 omnino
597 539 632 596 de
646 559 680 597 eo
693 557 794 616 genere
805 538 885 611 quid·

76 638 180 692 quam
197 615 421 694 praecipiendum
442 615 538 673 luisse.
578 618 669 689 Atque
684 617 752 676 illud
766 617 880 689 quidem
899 606 914 633 ⁹

75 698 264 764 honestum,
279 695 356 768 quod
366 695 478 771 proprie
493 712 613 767 vereque
633 695 748 763 dicitur,
755 695 783 751 id
798 695 826 752 in
841 713 885 750 sa·
904 746 906 750 .

78 777 244 852 pientibus
258 773 494 844 ostendensque
509 773 635 830 avinne
650 773 743 830 divelli
753 791 885 844 umquam

79 863 205 930 potest.
247 852 281 909 In
295 852 330 908 iis
345 862 447 917 autem,
457 852 486 908 in
501 851 601 922 quibus
616 851 754 928 sapientie
764 850 886 925 perlecta

78 951 148 989 non
165 941 226 997 est,
242 931 337 1006 ipsum
352 929 420 986 illud
434 929 547 1002 quidem
561 929 714 1006 perdoctum
725 930 885 996 honestum,

82 1010 173 1070 nullo
190 1007 289 1072 modo,
304 1007 500 1064 similitudines
515 1009 626 1066 honesti
640 1027 703 1064 esse
717 1017 844 1083 possunt.

129 1087 214 1144 Haeo
235 1086 310 1142 eninr
332 1085 427 1159 opinio
446 1085 548 1154 officia,
564 1085 598 1144 de
620 1086 720 1156 quibus
741 1085 785 1142 his
806 1083 884 1142 libris

84 1163 289 1241 disputamus,
317 1161 410 1220 media
435 1163 525 1224 Stooil
550 1165 700 1240 appellant.
741 1161 787 1220 Ea
810 1179 886 1219 oom-

83 1245 195 1300 munia
216 1252 291 1308 sunt,
306 1252 335 1297 et
354 1240 407 1296 late
421 1251 534 1318 patent:
550 1236 618 1312 'quae
633 1251 661 1298 et
679 1241 784 1316 ingenii
805 1240 885 1297 boni·

84 1333 146 1378 tete
164 1321 251 1378 multi
266 1327 460 1390 assequuntur,
482 1329 510 1375 et
529 1320 725 1394 progressione
748 1317 883 1374 discendi.

85 1399 167 1466 Illud
178 1410 275 1456 autem
287 1395 422 1462 officium,
434 1395 509 1468 quod
520 1407 626 1454 rectum
638 1397 722 1454 iidem
735 1395 884 1471 appellant,

84 1478 256 1553 perlectum
267 1486 348 1546 alque
360 1475 517 1532 absolutum
529 1487 581 1543 est,
593 1485 630 1542 el,
641 1487 672 1532 ιιι
682 1473 767 1532 iidem
780 1473 884 1538 dicunt,

84 1574 201 1614 omnes
226 1571 358 1612 numeros
380 1553 497 1625 habeta
516 1572 578 1622 neo,
600 1564 698 1630 praeter
719 1551 885 1626 sapientem,

85 1634 200 1691 cadere
216 1632 246 1689 in
260 1649 430 1710 quemquam
443 1643 545 1706 polest.
696 1632 705 1648 ²

130 1711 219 1770 Curn
247 1719 339 1767 autem
361 1709 465 1780 aliquid
486 1719 578 1766 actum
602 1719 646 1766 est
669 1708 699 1766 in
719 1725 775 1778 quo
795 1703 887 1762 media

81 1789 192 1847 officia
208 1797 398 1863 compareant,
414 1785 443 1843 id
463 1788 600 1846 cumulare
614 1786 722 1855 videtur
742 1802 805 1841 esse
825 1801 886 1860 per·

80 1866 216 1934 sectum,
232 1876 379 1942 propterea
403 1863 477 1938 quod
492 1866 602 1942 vulgus,
618 1865 686 1938 quid
706 1863 807 1922 absita
826 1870 887 1940 per·

78 2047 155 2102 ture,
162 2043 190 2091 is
199 2040 320 2104 certainly
329 2041 403 2090 srnle
412 2040 510 2102 capable
518 2041 548 2090 of
551 2041 686 2104 dengerous
695 2037 890 2102 interpretatiom

78 2106 131 2156 but
144 2122 214 2170 may
225 2107 255 2153 be
267 2105 324 2153 thus
335 2105 468 2166 explained,
479 2107 532 2154 that
543 2105 563 2153 ir
573 2105 595 2152 is
606 2112 631 2153 ιο
641 2106 688 2154 live
699 2105 726 2153 in
742 2103 888 2167 conformity

77 2175 108 2219 ιο
120 2171 174 2220 the
188 2169 304 2220 relations
315 2169 396 2218 which
407 2175 493 2218 nature
501 2171 545 2218 hes
556 2170 707 2218 established.

116 2239 135 2269 '³
160 2233 373 2297 Cetera-legere.
409 2233 464 2281 The
486 2240 542 2292 rest,
557 2235 689 2284 numbered
704 2236 737 2298 hy
752 2234 794 2282 the
810 2231 889 2306 ltoios

79 2297 888 2478 prpnnnnrnnrn

93 2444 126 2476 or
191 2445 224 2476 m.
687 2455 691 2463 ·

120 2493 133 2544 l
157 2493 253 2542 Media.
285 2493 374 2542 videl.
386 2493 402 2541 i.
414 2509 435 2542 c.
448 2492 471 2542 3.
649 2517 652 2526 =

91 2549 95 2560 ³
124 2557 137 2609 1
157 2559 253 2608 Omnes
263 2573 375 2607 mmeros
393 2556 468 2607 naban
500 2559 553 2608 Has
570 2554 679 2608 meiuod
692 2551 833 2624 perfectiori.
864 2551 889 2598 A

88 2624 228 2687 metaphor
239 2623 314 2672 taken
325 2621 388 2672 from
403 2623 444 2671 the
456 2622 584 2672 Palestra.
616 2621 647 2668 In
658 2619 727 2667 those
737 2629 864 2672 exercrses,
874 2631 890 2664 s

90 2701 159 2736 mm
170 2689 228 2738 who
239 2687 346 2736 exeelled
358 2687 384 2735 in
396 2703 467 2752 every
478 2687 546 2749 point
556 2702 607 2733 wne
619 2683 671 2732 said
687 2688 702 2711 ⁴⁶
711 2695 795 2754 opines
806 2694 889 2752 nonis·

99 2765 142 2864 1102·
159 2753 272 2804 hebere?
305 2751 399 2802 Seneca
416 2753 448 2802 de
463 2751 545 2802 Bonos.
562 2749 604 2799 vii.
614 2763 636 2798 e.
648 2747 670 2796 1.
701 2743 804 2803 anni
815 2759 857 2792 nu.
867 2743 890 2792 2.

509 2883 544 2936 19
