1970 3272
144 225 202 280 212
441 220 489 267 DE
507 217 659 268 currens

147 383 240 424 rerum
263 381 331 434 quas
354 360 502 437 cogitando
515 359 747 432 consequebatur,
761 377 862 432 neque
877 363 942 421 otio

149 463 213 502 sum
227 459 281 498 nec
298 440 390 498 solun
405 457 530 512 unquam
544 438 641 496 fuisse.
683 437 747 494 Nos
769 449 881 507 autem,
898 441 942 513 qui

150 540 207 580 non
221 528 326 576 tantum
341 517 448 575 roboris
462 518 608 582 habemus,
622 524 654 573 ut
673 517 847 591 cogitatione
863 521 944 576 tacita

150 592 325 655 asolitudine
334 595 534 664 abstrahamur,
545 593 579 651 ad
587 594 660 651 hanc
671 594 813 654 scribendi
825 615 943 672 operam

150 691 234 734 omne
261 673 385 732 studium
417 690 568 746 curamque
602 672 802 730 convertimur.
846 673 943 747 Itaque

149 753 230 829 plura
249 752 328 810 brevi
349 761 476 828 tempore
498 769 605 818 eversa,
629 769 713 823 quarn
737 750 836 809 multis
863 753 943 811 aunis

148 839 240 888 sunto
253 848 283 888 re
297 830 418 907 publica,
433 830 607 907 scripsimus.

149 993 307 1061 cnm.
353 1001 466 1072 Quibus
488 1000 691 1060 invitamentis
706 999 813 1079 filium
841 1002 942 1071 Cicero

277 1147 279 1153 ,
310 1079 350 1138 od
357 1079 574 1158 philosophiam
588 1078 768 1138 adhortemr.

190 1222 252 1280 Sco
266 1241 331 1280 cunr
346 1231 404 1280 tota
416 1221 607 1298 philosophia,
621 1223 662 1278 rni
678 1221 791 1290 Cicero,
806 1221 941 1300 frugifera

149 1310 179 1358 et
198 1300 349 1368 fructuosa,
364 1319 416 1358 nec
436 1301 493 1357 ulla
512 1318 576 1376 pars
591 1301 653 1375 ejus
668 1300 772 1356 inculta
785 1319 818 1356 ac
833 1302 942 1359 deserta

149 1379 206 1446 site
221 1389 280 1436 tum
292 1379 385 1436 nullus
397 1379 513 1436 feracior
524 1379 553 1434 in
564 1396 598 1434 ea
608 1379 686 1434 locus
695 1387 748 1443 est,
756 1396 809 1435 nec
818 1381 941 1446 uberior,

151 1475 236 1528 quam
257 1455 291 1514 de
313 1455 425 1523 officiis,
441 1474 457 1512 a
479 1456 580 1526 quibus
594 1465 753 1512 constanter
767 1456 942 1532 honesteque

151 1533 265 1592 vivendi
288 1543 427 1612 precepta
446 1533 591 1590 ducuntur.
616 1533 726 1598 'Quare
740 1553 943 1607 quamquaina

153 1612 291 1690 Cratippo
317 1622 424 1680 nostro,
446 1612 572 1688 principe
600 1611 684 1687 hujus
712 1614 857 1670 memorie
881 1616 943 1691 phi·

151 1692 365 1767 losophoruur,*
377 1690 437 1748 hoeo
451 1700 477 1747 te
492 1689 603 1747 assidue
613 1690 707 1746 audire
722 1701 804 1763 atque
814 1693 942 1769 occipere

153 1769 276 1836 confido,
297 1779 390 1826 tamen
411 1768 567 1826 conducere
590 1768 714 1835 arbitror,
737 1770 839 1826 talibus
862 1791 941 1829 aures

153 1857 215 1902 tuas
236 1847 352 1904 vocibus
374 1847 497 1918 undique
517 1846 741 1914 circumsonare;
763 1865 897 1916 neceas,
918 1851 941 1906 si

153 1924 214 1981 fieri
229 1925 328 1998 possit,
344 1923 496 1996 quidquam
510 1923 585 1980 ahiud
599 1923 704 1981 audire.

194 2001 278 2066 Quod
298 2018 363 2058 oum
382 2001 513 2058 omnibus
536 2011 580 2058 est
601 2001 769 2070 faciendum,
784 2005 835 2076 qui
857 2006 938 2064 vitam

154 2079 301 2135 honestam
328 2077 437 2154 ingredi
461 2079 592 2156 cogitant,
622 2089 680 2137 tum
708 2081 783 2139 haud
810 2085 882 2152 scio,
907 2103 939 2140 an

154 2155 275 2216 nemini't
295 2156 389 2231 potius
414 2173 498 2228 quam
521 2157 580 2214 tibi.
627 2158 757 2217 Sustines
782 2163 860 2220 enim
885 2179 939 2221 uon

344 2381 346 2386 ·
438 2363 599 2414 CHAPTER
614 2367 647 2414 11.

188 2491 203 2522 ἕ
219 2485 423 2554 Philosophorum·
455 2489 489 2538 At
500 2490 537 2539 the
546 2490 643 2556 dendus
650 2492 688 2541 the
695 2491 860 2558 philosophers
870 2497 900 2560 os
907 2497 942 2547 the

152 2560 249 2620 present
261 2553 315 2619 day.
346 2551 432 2603 Cicero
443 2555 493 2602 will
509 2562 551 2605 not
567 2564 611 2619 put
627 2557 680 2607 him
691 2575 722 2608 ou
734 2575 749 2607 a
759 2559 821 2608 level
832 2562 893 2611 with
905 2564 942 2612 the

156 2619 320 2682 philosophers
330 2619 360 2668 of
372 2617 500 2683 antiquity,
511 2620 611 2685 though,
622 2623 662 2671 lib.
674 2623 699 2671 ii.
710 2639 731 2672 c
742 2623 772 2682 2,
784 2624 826 2672 tho
845 2629 942 2692 comph.

155 2690 224 2732 ment
234 2683 255 2732 is
266 2685 322 2747 paid
332 2691 358 2734 to
368 2684 421 2734 him
431 2701 458 2734 es
469 2684 585 2798 beinffiiie
595 2687 725 2736 simillimo.

145 2746 154 2762 ⁸
187 2747 321 2800 tNemini.
353 2749 430 2808 Thus,
447 2749 516 2800 'libi
551 2751 598 2812 pi.
609 2750 640 2800 sd
651 2751 682 2809 Q.
694 2752 729 2811 F,
747 2753 802 2802 “Ut
819 2754 865 2806 tihi
884 2760 944 2808 tanti

154 2810 257 2860 honores
274 2813 419 2870 haberentur
432 2814 516 2880 quanti
534 2815 598 2870 huud
609 2816 660 2866 scio
670 2833 701 2867 en
714 2818 814 2871 nemini.
848 2822 914 2872 This
926 2825 945 2872 is

152 2874 544 2944 potententtojmcsseaemini,
891 2879 894 2885 ¹
