1970 3272
157 205 215 262 224
244 175 246 182 ’
317 153 319 164 ,
455 201 504 250 un
521 199 674 266 urricus.

127 385 132 392 -
198 302 326 419 Itemque
355 343 444 419 magis
474 351 519 400 est
544 340 700 406 secundum
729 348 876 409 naturam,
907 358 954 418 pro

160 425 291 483 omnibus
310 422 455 558 (pentibus,
483 421 508 478 si
535 420 597 478 fieri
620 419 719 496 possit,
734 419 953 484 conservandis,

134 550 137 557 .
160 513 207 559 aut
222 503 307 578 juvan
328 499 353 558 is
377 500 517 557 maximos
541 499 650 556 labores
675 498 883 570 molestiasque
896 515 955 554 sus·

139 580 262 654 scipere,
281 579 434 648 imitantem
456 577 608 635 Herculem
634 575 723 644 illum,
749 594 836 648 quem
862 575 954 634 homi·

139 661 142 678 ¹
159 675 227 714 num
241 656 324 724 sama,
345 655 546 714 beneficiorum
564 656 701 721 memon*
714 655 744 711 in
758 654 887 712 concilio
901 672 953 710 cor·

158 733 270 792 lestium
286 733 442 802 collocavit,
457 752 541 806 quam
555 733 649 792 vivere
663 732 693 789 in
706 731 874 798 solitudine,
897 750 952 790 nou

158 811 244 870 modo
265 814 327 870 sine
340 813 405 870 ullis
420 811 567 878 molestiis,
589 809 738 867 sedetiam
751 809 891 867 maximis
906 827 951 866 vo·

88 888 90 896 ’
158 887 320 966 luptatibus,
334 890 521 948 abundantem
533 888 664 946 omnibus
673 887 775 963 copiis,
785 887 950 946 utexcellas

95 1043 97 1048 ι
158 967 243 1026 etiam
257 968 463 1046 pulchritudine
477 977 506 1024 et
525 966 642 1024 viribus.
684 965 825 1030 Quocirca
838 967 949 1041 optimo

159 1047 279 1118 quisque
306 1055 335 1103 et
361 1044 590 1122 splendidissimo
614 1043 730 1119 ingenio
756 1043 842 1120 longe
872 1045 948 1102 illam

90 1127 94 1136 '
158 1123 244 1181 vitam
258 1123 324 1182 huic
338 1124 491 1200 anteponit.
529 1123 578 1181 Ex
591 1139 647 1194 quo
656 1120 785 1189 efficitur,
799 1121 948 1182 hominem

158 1211 262 1261 naturae
276 1201 463 1268 obedientem,
478 1201 586 1260 homini
601 1217 703 1258 nocero
716 1216 773 1257 non
788 1217 889 1276 posse.

197 1279 308 1338 Deinde
328 1281 377 1353 qui
391 1281 507 1338 alterum
526 1278 621 1346 violat,
633 1286 664 1334 ut
677 1277 739 1354 ipsc
750 1276 858 1349 aliquid
873 1295 948 1335 com·

158 1357 236 1417 modi
257 1368 457 1431 consequatur;
478 1367 526 1414 aut
545 1355 617 1414 nihil
635 1373 666 1413 se
688 1354 832 1412 existimat
850 1367 948 1414 cenna

158 1446 284 1494 naturam
299 1437 405 1504 lacere3
426 1445 474 1494 aut
485 1435 575 1511 magis
587 1432 748 1509 fugiendam
761 1443 860 1492 censet
873 1452 946 1492 mor·

158 1524 226 1582 tem,
255 1515 456 1592 paupertatem,
484 1511 620 1579 dolorem,
648 1511 832 1570 amissionem
860 1512 944 1569 etiarn

157 1593 318 1661 liberomm,
333 1593 565 1670 propinquorum,
580 1589 743 1658 amicorum,
755 1608 840 1662 quarn
853 1587 945 1647 lacere

158 1671 281 1748 cuipiam
296 1672 436 1748 injuriam.
477 1669 509 1727 Si
523 1667 595 1727 nihil
608 1667 750 1726 existimat
760 1678 857 1726 contra
868 1679 945 1726 natu·

157 1767 218 1808 ram
231 1749 293 1808 fieri
304 1749 468 1808 hominibus
482 1744 629 1813 violandis,
651 1743 719 1817 quid
729 1763 794 1802 cum
808 1764 843 1804 eo
857 1745 945 1803 disse·

157 1845 213 1893 ras,
227 1827 276 1899 qui
290 1828 405 1886 omnino
416 1826 561 1884 hominem
575 1842 612 1881 ex
624 1823 740 1882 homine
754 1824 851 1882 tollatl
892 1824 942 1880 Sin

157 1903 321 1980 fugiendum
334 1904 364 1961 id
377 1903 492 1976 quidem
505 1911 611 1968 censet,
626 1900 676 1959 sed
690 1901 778 1960 multo
789 1902 838 1960 illa
847 1902 942 1978 pejora

157 1992 286 2049 mortem,
301 1990 501 2058 paupertatem,
516 1979 657 2047 dolorem
678 1989 751 2036 errat
763 1980 794 2037 in
807 1999 853 2045 eo,
868 1979 942 2052 quod

156 2057 236 2116 illum
251 2069 298 2116 aut
311 2058 447 2135 corporis,
462 2067 511 2115 aut
521 2057 637 2116 fortune
648 2057 757 2127 vitium,
770 2058 857 2116 animi
869 2058 941 2115 vitiis

156 2135 268 2212 gravius
280 2137 431 2194 existimat.
767 2161 770 2172 ¹

158 2251 247 2321 CAP.
260 2263 313 2321 vl.
332 2261 470 2323 Eandem
481 2262 725 2342 cosconiusmjur
766 2262 942 2322 cetunicer·

197 2359 298 2400 sorum
323 2341 503 2400 utilitatem.-
518 2349 665 2420 praccepta
739 2341 942 2420 judicandum

197 2437 263 2479 cum
277 2421 321 2479 hs
335 2420 400 2478 due
413 2420 556 2478 utilitates
567 2419 705 2478 videntur
716 2419 882 2479 contraria.

196 2530 281 2589 Enoc
294 2549 382 2590 unum
396 2531 479 2589 debet
491 2549 554 2589 esse
568 2531 701 2590 omnibus
715 2531 905 2608 propositum,
915 2541 944 2590 ut

188 2661 472 2714 *Hominum-memor.
508 2658 781 2725 Whornht'rrspctcticn
787 2673 944 2726 amongmea,

155 2723 206 2799 and
216 2726 255 2774 tlte
269 2727 412 2794 memmyos
423 2725 521 2788 hescssts
532 2723 663 2788 consmcd.
694 2724 755 2772 Jure
766 2723 844 2799 igitur
855 2727 944 2791 gravis¹

151 2791 271 2912 ffljpslge
286 2793 397 2842 laudibus
413 2805 523 2840 omnium
538 2793 602 2838 esset
614 2787 680 2837 ferna
695 2795 859 2840 consentiens.
892 2792 945 2846 Cat,
