1978 3268
134 218 191 272 suo
402 211 620 282 uaeramus.

138 355 267 436 [scribit]
290 373 327 413 ex
351 353 448 414 decem
476 351 671 416 nobilissimis,
692 349 740 423 qui
761 359 820 408 tum
845 359 931 408 erant

138 436 229 501 missi,
245 451 345 492 novem
369 433 559 498 revertisse,a
579 439 676 487 senatu
700 447 728 486 re
750 447 808 486 non
834 429 930 505 impe·

135 525 216 571 trata:
243 529 330 569 unum
345 508 535 588 [exvdecem]
559 509 607 582 qui
630 508 724 584 paullo
746 518 821 584 post,
836 525 928 578 quam

136 608 266 668 egressus
281 599 339 645 erat
349 607 365 646 e
377 589 485 654 castris,
497 587 624 653 redisset,
637 586 717 660 quasi
731 585 837 657 aliquid
848 596 931 642 esset

136 669 248 734 oblitus,
265 667 364 724 Romae
386 667 565 725 remansisse.
607 663 710 722 Redito
728 665 849 720 enimin
866 681 930 720 eas·

137 757 180 804 tra
190 747 336 804 liberatum
347 765 378 803 se
390 764 453 803 esse
461 746 524 821 jure
535 743 655 820 jurando
667 743 930 818 interpretabatur*

138 825 206 882 Non
226 835 318 882 reete:
344 825 421 881 fraus
442 825 518 880 enirn
541 821 692 897 astringit,†
714 839 772 878 non
795 820 931 878 dissolvit

136 903 298 980 perjuriam.
339 902 404 959 Fuit
424 901 508 977 igitur
528 900 612 956 stulta
631 897 776 965 calliditas,
792 916 928 974 perverse

39 1009 43 1016 ·
136 983 242 1039 imitata
263 978 446 1056 prudentiam.
487 977 584 1050 ltaque
602 975 725 1034 decrevit
745 985 872 1043 senatus,
893 987 925 1034 ut

136 1060 182 1117 ille
198 1067 332 1116 veterator
353 1067 382 1114 et
405 1055 523 1114 callidus
546 1057 657 1114 vinctus
681 1055 715 1113 ad
730 1054 923 1114 Hannibalem

135 1138 289 1196 doceretur.
384 1129 392 1144 ’

177 1213 233 1271 Sed
248 1213 317 1272 illud
330 1213 502 1271 maximum:
517 1223 582 1270 octo
596 1211 742 1269 hominum
757 1211 838 1270 milia
851 1222 928 1268 tene·

136 1294 184 1350 bat
198 1292 350 1360 Hannibal,
364 1311 422 1350 non
439 1310 511 1363 quos
533 1292 563 1348 in
583 1291 643 1347 acie
664 1289 799 1364 cepisset,
815 1299 864 1348 aut
877 1289 927 1362 qui

137 1372 261 1448 periculo
276 1371 373 1428 mortis
388 1369 576 1445 diffugissent,
586 1367 637 1424 sed
654 1368 702 1440 qui
717 1368 806 1424 relicti
821 1369 850 1426 in
867 1387 927 1424 cas·

139 1452 188 1508 tris
214 1451 333 1508 luissent
356 1469 373 1505 a
393 1449 492 1506 Paullo
516 1457 545 1504 et
566 1467 583 1502 a
596 1446 722 1504 Varrone
747 1447 923 1504 consulibus.

138 1529 199 1588 Eos
212 1537 325 1588 senatus
334 1545 391 1586 nun
403 1525 512 1584 censuit
523 1524 711 1587 redimendus,
721 1541 786 1582 cum
798 1523 827 1581 id
839 1543 925 1600 parva

137 1609 258 1683 pecunia
277 1607 339 1664 fieri
360 1614 474 1681 posset:
496 1614 527 1660 ut
548 1614 624 1660 esset
648 1603 763 1659 insitum
788 1603 925 1660 militibus

137 1687 240 1742 nostris
261 1695 308 1742 aut
321 1685 443 1748 vincere,
459 1695 506 1739 aut
529 1681 629 1738 emori.
671 1680 735 1746 Qua
760 1680 875 1752 quidem
896 1699 925 1737 re

138 1762 240 1828 audita,
256 1763 369 1820 fractum
394 1763 518 1818 animum
541 1758 708 1816 Hannibalis
729 1759 826 1814 scribit
840 1759 924 1826 idem,

137 1841 213 1914 quod
225 1854 337 1899 senatus
351 1840 527 1917 populusque
540 1839 695 1904 Romanus,
707 1837 790 1894 rebus
803 1837 924 1904 afflictis,

137 1996 250 2109 gmoved
261 1995 323 2044 from
338 1997 370 2045 its
382 2011 467 2059 proper
484 1993 595 2056 position,
612 1993 698 2043 should
709 1993 813 2056 perhaps
825 1993 924 2056 precede

165 2077 179 2108 e
207 2069 294 2110 renent.

170 2077 415 2188 *platerpretobaten
454 2124 509 2174 The
535 2123 683 2182 authorities,
706 2139 733 2172 ss
753 2121 816 2186 Livy
835 2122 927 2180 relates,

137 2187 226 2251 widely
238 2187 308 2236 differ
320 2206 346 2236 as
358 2196 383 2237 to
397 2189 464 2237 these
480 2196 522 2236 ten
539 2189 658 2250 captives:
676 2187 807 2250 according
818 2193 843 2235 to
854 2203 925 2244 some,

137 2259 180 2300 not
191 2267 237 2300 one
248 2254 362 2302 returned
370 2255 439 2301 :—de
457 2252 488 2300 iis
499 2253 614 2302 dedendis
629 2268 721 2316 magna
736 2252 889 2300 contentione
900 2251 925 2298 in
973 2251 974 2254 ’

137 2323 223 2365 senatu
235 2332 301 2375 esse;
318 2317 447 2380 victosque,
459 2317 589 2379 paucisque
608 2317 742 2376 sententiis,
753 2316 794 2377 qui
808 2316 926 2364 dedendos

137 2381 403 2432 censuerint-Mirari
423 2382 503 2445 magis
519 2383 579 2430 adeo
590 2383 726 2443 discrepare
738 2381 801 2430 intur
813 2387 926 2437 auctores,

137 2464 211 2511 quern
222 2447 280 2510 quid
293 2447 342 2496 veri
355 2447 393 2504 sit,
405 2445 542 2494 discernere
554 2463 636 2508 queas,
648 2447 707 2494 xxii.
719 2447 756 2494 61.

170 2513 334 2578 trtstrtagit.
366 2511 397 2559 In
417 2509 508 2558 several
530 2509 602 2560 MSS.
622 2509 769 2576 destringit:
793 2509 819 2558 in
841 2510 926 2567 otbers,

135 2575 229 2625 district
253 2579 257 2590 '
280 2580 328 2626 and
339 2575 482 2638 adstringit.
498 2575 553 2622 Τὴθ
564 2574 681 2639 meaning
692 2575 714 2623 is
726 2574 872 2638 sufficiently
881 2575 925 2624 evi-

137 2640 202 2698 dent,
248 2649 273 2689 at
289 2642 318 2706 by
332 2640 421 2705 fraud,
436 2639 538 2703 perjury
550 2641 572 2687 is
584 2645 625 2687 not
636 2639 734 2697 enadad,
751 2638 793 2686 but
810 2638 925 2687 rendered

137 2717 202 2752 more
218 2706 339 2754 eriminel.
373 2703 473 2754 Ernesti
483 2703 599 2762 includes,
616 2702 703 2752 within
719 2703 839 2760 brackets,
848 2705 925 2766 perju-

137 2767 217 2823 τέκνω
229 2769 310 2818 which
322 2771 352 2818 he
361 2771 465 2818 deemsa
474 2768 540 2832 gloss
546 2768 609 2818 from
617 2767 658 2816 the
668 2768 777 2832 margim
788 2769 835 2816 and
845 2768 924 2815 thinks

136 2827 178 2875 the
193 2831 277 2892 ellipse
289 2833 478 2898 jusjurandum.
510 2831 534 2880 J.
546 2833 582 2882 M.
598 2831 746 2897 Heusinger,
764 2832 858 2889 indeed,
877 2849 924 2880 sus-

140 2898 206 2948 pects
217 2894 258 2940 the
269 2897 347 2944 whole
356 2913 458 2960 passage
469 2896 532 2945 from
543 2914 591 2946 nun
602 2903 664 2946 recte
674 2903 700 2945 tn
708 2897 854 2960 perjurium.
