1978 3268
58 2479 61 2485 r
145 2445 186 2502 dre
197 2451 256 2500 utile
267 2453 314 2500 end
324 2451 365 2500 the

151 245 209 301 256
427 245 475 293 DE
492 243 643 295 omens.

151 387 319 444 existimant.
348 385 396 445 Ex
406 405 463 460 quo
476 387 587 446 Ennius
600 395 619 422 ‘⁶
627 383 822 459 Nequioquam
834 403 935 463 sapere

152 467 316 542 sapientem,
328 467 376 538 qui
395 467 457 542 ipse
477 467 530 524 eibi
554 464 688 542 prodesse
714 482 771 522 non
793 467 936 537 quiret.”*

151 543 225 600 Vere
238 542 267 599 id
278 542 401 614 quidem,
416 547 451 611 si,
466 545 533 618 quid
543 555 618 602 esset
626 542 772 621 prodesse,
782 545 934 601 mihieum

150 621 245 679 Ennio
259 623 444 685 conveniret.†

153 727 156 734 v
188 697 362 756 Hecatonem
382 700 494 773 quidem
515 697 667 766 Rhodium,
688 699 857 775 discipulum
880 701 934 758 Ps-

148 777 233 845 naetii,
247 777 330 835 video
345 779 375 838 in
396 780 432 836 iis
451 779 538 844 libris,
555 795 626 851 quos
647 777 681 834 de
696 775 796 836 officiis
819 779 935 854 scripsit

149 853 186 921 Q.
200 855 372 932 Tuberoni,‡
381 857 488 924 dieere3
510 857 651 932 Sapientis
665 874 737 922 esse,
750 855 822 914 nihil
835 867 934 914 eontra

148 949 251 999 mores,
266 935 353 1009 loges,
368 935 492 992 instituta
506 935 667 1001 facientem
682 935 783 992 habere
794 935 932 992 rationem

147 1011 189 1070 rei
209 1013 377 1084 familiaris.§
418 1011 520 1084 Neque
533 1013 609 1068 enim
629 1013 720 1070 solum
734 1011 817 1070 nobis
830 1012 933 1069 divites

148 1107 211 1146 esse
238 1089 377 1155 volumus,
405 1089 456 1146 sed
487 1090 592 1155 liberis,
617 1091 792 1166 propinquis,
820 1091 931 1158 amieis,

147 1165 326 1239 maximeque
338 1168 379 1226 rei
392 1167 520 1244 publice.
561 1162 740 1244 Singulorum
755 1167 831 1226 enim
845 1168 932 1246 feenl·

147 1252 217 1301 tates
232 1253 261 1302 et
272 1245 372 1322 eopiae,
386 1245 490 1304 divitie
505 1255 570 1303 sunt
582 1246 710 1304 civitatis.
752 1247 841 1314 Huieii
855 1247 932 1304 Sere·

147 1322 217 1380 volae
231 1321 343 1392 seruum,
353 1323 389 1382 de
403 1341 460 1398 quo
470 1325 563 1401 paullo
574 1334 635 1382 onte
649 1323 718 1393 dixi,
729 1325 840 1402 plaeere
851 1325 932 1384 nullo

147 1400 232 1460 modo
243 1411 344 1478 potest.
370 1403 486 1461 Etenim
497 1403 545 1476 qui
556 1403 672 1460 omnino
682 1411 789 1461 tantum
803 1419 834 1462 ee
847 1413 932 1481 neget

146 1477 282 1539 iacturum
302 1482 462 1558 oompendii
476 1483 521 1540 sui
540 1494 650 1548 esueso,
670 1481 746 1553 quod
759 1499 816 1540 non
835 1482 929 1550 lioest,

147 1557 213 1618 huie
224 1575 276 1617 neo
287 1557 346 1618 laus
357 1579 458 1637 magna
471 1559 623 1628 tribuenda,
637 1577 690 1617 neo
703 1561 791 1638 grstia
804 1570 856 1619 est.

186 1634 245 1696 Sed
257 1639 317 1697 sive
337 1639 477 1703 simulatio
491 1649 520 1697 et
532 1637 718 1697 dissimulatio
737 1632 818 1698 dolus
838 1639 930 1698 melus

176 1810 192 1842 't
204 1807 310 1858 Ennius.
340 1807 411 1868 Cited
421 1808 485 1866 ols03
498 1807 544 1872 Ep.
554 1809 585 1857 od
600 1806 719 1858 Femvi'u
731 1808 753 1858 6.
784 1805 839 1858 'l'he
850 1809 931 1858 words

146 1871 176 1922 oi
187 1871 282 1922 Ennius
293 1891 379 1938 eppeer
390 1881 415 1924 to
425 1875 462 1934 be,
473 1873 524 1932 Qui
532 1874 583 1936 ipse
594 1873 640 1922 sibi
651 1873 746 1938 sopiens
757 1875 869 1937 prodesse
879 1889 929 1923 non

146 1937 390 2002 quit-nequidquam
401 1939 470 2002 sopit
500 1939 611 1987 Ooiumn.
626 1939 690 1988 Enn.
701 1937 800 2003 Fragm.
811 1937 865 2007 210„
898 1939 929 1987 In

146 2017 162 2050 e
171 2001 241 2050 letter
247 2007 272 2050 to
280 2003 369 2062 Cesar,
377 2004 428 2052 xiii.
438 2004 475 2062 15,
486 2001 571 2054 Cicero
580 2003 639 2052 cites
646 2019 661 2052 e
669 2003 718 2052 line
729 2003 792 2052 from
799 2003 930 2066 Euripides

146 2071 171 2113 to
182 2065 222 2113 the
238 2080 305 2114 seme
319 2067 397 2125 effect,
407 2065 489 2116 'which
505 2067 526 2115 is
543 2073 586 2118 nol
597 2067 672 2118 found
689 2069 716 2116 in
731 2083 781 2134 eny
791 2069 894 2135 tregedy
905 2067 935 2118 of

146 2129 198 2208 tinet
217 2129 302 2210 nullior
319 2145 375 2180 now
394 2131 538 2196 remaining.
571 2137 641 2182 Mers}
663 2135 780 2198 coeteris
797 2133 863 2188 leste
880 2135 926 2202 οὐχ

146 2209 353 2332 μϋῖῳθῖνίιζοεςτὲἰζει.
385 2257 460 2308 Tuse.
471 2257 503 2316 Q.
512 2257 546 2308 iii.
561 2261 598 2310 19.
622 2267 636 2290 ‘¹
643 2261 788 2312 Conveniret
798 2263 859 2312 mihi
870 2277 929 2310 oum

146 2315 274 2383 Epicuro,”
295 2323 381 2382 Croero
391 2331 506 2386 suspects,
516 2323 569 2373 thet
580 2325 605 2374 iu
617 2323 733 2376 Ennius’s
744 2327 893 2390 acceptetion
903 2327 936 2375 of

142 2387 262 2452 prodesse,
270 2386 370 2451 worldly
376 2388 439 2499 puin
450 2387 471 2436 is
483 2389 552 2436 ulons
570 2389 596 2436 in
606 2389 674 2448 view,
686 2393 767 2441 whilst
778 2393 804 2441 in
815 2391 853 2440 his
864 2407 929 2450 own,

391 2459 497 2501 onestum
509 2467 550 2500 ure
560 2453 716 2516 inseparuble.

178 2517 326 2570 illtberooi.
343 2516 479 2578 ,uiuum
490 2517 595 2578 Tubero,
606 2535 650 2566 son
661 2520 690 2568 oi
701 2521 845 2585 edoughter
858 2519 888 2569 of
899 2519 928 2568 L.

146 2579 261 2632 AEmilius
271 2581 384 2630 Paullus:
401 2587 487 2644 pretor
503 2581 533 2629 A.
544 2581 610 2648 uc.
626 2583 679 2632 6³0.
711 2585 751 2634 He
761 2601 813 2634 wes
828 2585 929 2644 osteis,

146 2647 193 2694 end
209 2648 230 2694 is
246 2647 310 2696 osten
326 2647 413 2694 nomed
430 2647 446 2694 b
477 2643 569 2712 Cicero.
601 2647 660 2698 Lael.
671 2664 692 2696 o.
704 2649 740 2698 ll.
761 2649 829 2698 Brut.
846 2665 867 2698 e.
882 2649 928 2699 ³1:

145 2717 189 2772 pro
200 2707 312 2761 Muraene
322 2711 361 2770 36,
371 2711 419 2760 und
478 2710 564 2759 where.

146 2833 154 2846 .
178 2771 472 2887 §liphne-somniaris.-
488 2779 512 2841 to
526 2785 573 2840 pey
585 2777 632 2824 duo
648 2777 764 2826 ettention
780 2783 805 2826 to
816 2777 856 2827 his
872 2795 929 2829 own

145 2842 243 2885 interes

178 2900 189 2954 li
201 2901 274 2948 Heio.
305 2903 431 2954 Sooerole's
442 2900 544 2967 conduci
561 2903 639 2956 would
649 2911 691 2956 not
701 2905 762 2955 heve
773 2913 823 2957 met
834 2907 876 2956 the
888 2923 928 2972 ep-

146 2963 308 3020 probetionof
318 2966 418 3018 Heeeto
482 2977 484 2982 '
532 2971 533 2976 ’
