1970 3278
329 230 423 282 uma.
440 229 517 283 cAt‘.
528 230 609 282 XLV·
805 231 858 288 181

9 377 10 385 ’
79 376 202 452 tempus,
216 381 248 433 ut
263 367 372 433 intersit
384 373 425 433 rei
438 372 567 452 publice,
579 370 732 447 quidquam
747 371 860 433 illor'um

3 475 12 511 s
77 452 168 512 fucere
182 454 347 529 sapientem.
444 501 446 508 s

5 554 11 590 :
118 533 210 599 Quare
225 533 279 590 hoc
293 529 407 604 quidem
429 529 619 598 effectumsit,
634 531 665 588 in
678 529 779 588 officiis
794 528 862 587 deli·

78 611 177 688 gendis
192 609 219 668 id
234 629 322 687 genus
338 610 493 667 officiorum
512 610 659 677 excellere,
681 609 755 681 quod
770 619 862 666 tenea·

7 693 9 702 ’
78 701 122 748 tur
134 691 278 746 hominum
291 689 451 746 societate*
471 686 586 746 Etenim
597 688 785 763 cognitionem
798 706 862 764 pru·

78 766 257 839 dentiumque
272 766 398 838 sequitur
411 765 585 823 considerata
598 767 679 824 actio.
720 765 762 823 lta
776 767 816 830 fit,
831 774 863 824 ut

2 875 6 909 i
77 863 160 923 agere
174 845 347 903 considerate
361 844 449 921 pluris
464 845 510 910 sit,
520 863 602 916 quam
613 846 733 922 cogitare
743 845 862 920 pruden-

76 932 128 982 ter.
169 925 262 997 Atque
286 923 354 982 hcc
367 923 480 996 quidem
501 924 554 981 hae
574 934 664 980 tenus.
704 923 862 981 Patefactus

76 1011 122 1060 est
134 1002 209 1060 enim
224 1003 303 1060 locus
318 1003 390 1078 ipse,
407 1012 507 1060 utnon
522 1003 559 1060 sit
580 1001 694 1060 difficile
715 1003 745 1060 in
765 1001 863 1075 enqui-

6 1079 7 1086 '
75 1079 164 1139 rendo
175 1081 279 1150 officio,
291 1081 359 1153 quid
365 1081 465 1154 cuique
472 1083 510 1138 sit
517 1080 748 1157 praeponendum,
757 1081 862 1139 videre.

76 1156 111 1218 In
122 1160 185 1236 ipse
196 1171 286 1220 autem
297 1160 495 1218 communitate
505 1171 571 1217 sunt
581 1160 682 1236 gradus
694 1159 861 1217 officiorum:

4 1251 6 1262 ’
76 1240 240 1312 exquibus,
255 1238 323 1311 quid
343 1240 444 1311 cuique
472 1249 593 1314 prestet,
617 1238 733 1314 intelligi
756 1238 862 1314 possit:

2 1318 4 1327 ⁴
76 1329 108 1391 ut
121 1318 212 1394 prima
223 1317 277 1374 diis
292 1317 507 1384 immortalibus,
529 1316 651 1374 secunda
666 1317 771 1392 petrice,
783 1317 867 1374 tertie

76 1397 249 1472 parentibus,
264 1395 398 1472 deinceps
413 1395 547 1472 gradatim
562 1395 677 1467 reliquis
689 1394 849 1453 debeantur.

117 1473 227 1538 Quibus
255 1491 292 1530 ex
318 1475 401 1531 rebus
425 1475 545 1531 breviter
571 1471 718 1549 disputatis
746 1473 864 1549 intelligi

1 1574 6 1612 t
76 1561 180 1628 potest,
209 1569 266 1608 non
294 1551 387 1608 solum
407 1551 436 1607 id
455 1553 586 1608 homiues
615 1552 705 1608 solere
728 1551 862 1619 dubitare,

75 1623 275 1693 honestumne,
285 1647 319 1684 an
330 1638 408 1703 turpe
420 1629 471 1685 sit:
487 1627 630 1686 sedetiam
643 1628 751 1688 duobus
763 1647 865 1704 propo·

2 1717 3 1722 ’
74 1709 138 1767 sitis
155 1707 292 1774 honestis,
306 1716 399 1764 utrum
419 1706 576 1764 honestius.
616 1705 675 1762 llio
688 1706 767 1764 locus
782 1726 797 1762 a
811 1706 864 1765 Pa-

1 1817 4 1848 t
74 1789 160 1846 naetio
174 1796 227 1853 est,
241 1796 272 1842 ut
286 1803 371 1860 supra
384 1783 454 1853 dixi,
469 1783 684 1862 pretermissum
725 1783 783 1842 Sed
803 1785 864 1862 jam

2 1903 5 1928 ,-
75 1867 111 1926 ud
125 1867 233 1939 reliqua
246 1881 425 1942 pergamus..

106 2019 260 2070 NJbneutur
269 2019 393 2070 lonicum
403 2022 522 2070 societate.
553 2018 608 2068 Our
619 2017 699 2068 dutiec
714 2017 790 2068 ultim
805 2015 865 2069 bace

2 2135 3 2148 2
72 2083 310 2152 relationtcsoct'ety.
337 2087 428 2136 Pemce
440 2088 589 2152 conjectures
600 2085 653 2134 thet
663 2100 701 2133 we
712 2083 798 2134 should
807 2086 865 2135 tend

70 2156 172 2204 imur
180 2151 302 2201 bominum
310 2155 444 2202 societatem
448 2170 458 2210 ,·
466 2154 510 2201 but
516 2153 556 2201 the
567 2167 611 2200 use
620 2150 649 2200 of
655 2157 734 2200 teneor
742 2149 768 2199 iu
776 2168 791 2200 u
799 2151 865 2200 simi-

72 2215 111 2272 ler
122 2234 192 2268 sense
203 2231 289 2266 occurs
300 2217 340 2267 lib.
352 2218 403 2267 xiii.
415 2217 460 2282 Ep.
471 2218 510 2266 29.
542 2217 622 2265 “Non
636 2215 720 2264 dubito
730 2215 790 2279 quin
801 2218 865 2266 scies

2 2297 3 2324 f
73 2285 101 2336 in
118 2283 158 2334 bis
170 2283 317 2334 messeniis
327 2284 369 2347 qui
381 2283 424 2332 tibi
436 2300 451 2332 c
461 2289 529 2346 petre
539 2281 617 2331 relicti
629 2288 693 2339 sunt,
708 2297 747 2329 me
757 2281 800 2330 tibi
811 2298 865 2330 esse

1 2367 4 2402 t
72 2351 112 2401 vel
123 2349 358 2414 conjunctissimum,
375 2365 425 2398 uon
444 2347 483 2396 his
501 2349 573 2398 modo
593 2346 674 2396 causis
689 2362 743 2409 quse
759 2347 865 2410 speciem

74 2417 180 2468 habeam
191 2430 287 2480 mugnis
299 2413 485 2480 conjunctionis,
496 2415 539 2464 sed
549 2413 580 2463 iis
590 2413 665 2462 etiem
676 2427 730 2476 quoe
741 2411 865 2461 familiari·

74 2489 125 2532 tete
135 2486 161 2530 et
171 2479 345 2531 cousuetudine
355 2479 506 2530 teneantur?
