1970 3272
140 215 198 272 214
424 215 473 263 DE
490 216 642 264 omens.

141 357 309 436 explieevit:
335 356 371 413 de
392 357 475 415 tertio
496 367 587 415 nutem
611 375 714 434 genere
736 356 877 436 deinceps
900 375 932 417 ee

142 438 254 512 scripsit
263 437 411 502 dicturum,
422 453 476 492 nen
489 435 518 493 id
531 435 653 493 exsolvit
663 435 737 508 quod
748 439 932 512 promiserat.

181 513 264 580 Quod
277 532 311 571 eo
324 513 414 590 magis
429 515 524 580 miror,
537 515 603 586 quie
613 515 748 589 scripturn
759 533 776 570 a
786 514 932 592 discipulo

141 593 202 668 ejus
227 591 382 649 Posidonio
407 602 459 657 eet,
484 593 596 668 triginta
619 593 718 650 aunis*
740 593 851 650 vixisse
878 594 932 650 Pn-

141 669 259 742 naetium
267 679 464 746 posteaquem
478 689 528 728 eos
541 670 627 728 libros
648 669 791 727 edidisset.
831 671 931 736 Quem

140 746 234 804 locum
254 749 341 806 miror
360 769 386 806 a⁴
396 748 552 806 Posidonio
569 749 688 805 breviter
700 766 766 806 esee
777 757 885 805 tactum
901 749 930 805 in

141 824 307 895 quibusdam
321 827 546 892 commentariie3
568 827 722 902 presertim
736 844 802 882 oum
814 827 929 890 scribet,

140 902 248 992 nullum
272 921 336 962 esse
358 905 451 962 locum
471 905 501 961 in
524 913 580 962 tote
602 903 782 980 philosophia
801 914 860 962 tem
882 922 930 962 ue·

140 995 304 1040 oeeearrum.

181 1057 301 1116 Minime
326 1077 392 1118 vero
417 1059 554 1131 eseentior
577 1061 624 1127 iis,
649 1061 698 1133 qui
722 1069 836 1137 negent,
863 1078 929 1117 enm

140 1133 234 1192 looum
261 1155 278 1194 e
304 1137 429 1198 Panaetio
456 1139 686 1214 pretermispum
715 1139 764 1195 sed
798 1138 930 1196 consulto

141 1212 278 1283 relietum,
306 1233 359 1273 nee
385 1217 502 1274 omnino
529 1217 706 1274 scribendum
735 1216 833 1282 fuisse,
864 1215 931 1288 quin

140 1304 411 1442 llmlllmnlll'l‘
426 1295 931 1449 {llthtllltlttttrltllt

140 1444 330 1508 hibendumue
351 1450 435 1508 fuerit
453 1450 508 1509 hoe
528 1469 628 1527 genus,
643 1451 720 1524 quod
739 1451 768 1508 in
788 1449 930 1507 divisione

140 1523 260 1584 Ponaetii
270 1529 381 1586 tertium
393 1538 446 1597 eet,
456 1547 491 1586 an
502 1529 584 1604 plane
593 1529 798 1587 omittendum:
812 1528 929 1586 oltemm

141 1601 259 1667 dubitun'
272 1625 331 1664 non
343 1616 445 1684 potest,
457 1608 526 1680 quin
536 1627 553 1664 a
563 1607 689 1665 Panaetio
703 1617 868 1681 susceptum
881 1606 929 1670 eit,

140 1681 193 1739 ned
204 1683 342 1744 relietum.
383 1686 460 1743 Nam
471 1686 520 1757 qui
534 1704 550 1742 e
564 1684 703 1742 divisione
714 1684 850 1758 tripertito
860 1683 929 1740 dues

104 1817 106 1823 Α
125 1769 233 1834 -partee
244 1763 406 1830 absolverit,
420 1763 487 1820 huio
500 1780 617 1819 neeesse
632 1771 675 1818 eet
687 1771 791 1818 restare
806 1763 926 1821 tertiam.

140 1835 280 1898 Praeterea
302 1840 333 1898 iu
356 1849 482 1898 extremo
505 1840 578 1896 libro
602 1840 683 1898 tertio
707 1837 743 1896 de
770 1839 824 1896 heo
850 1848 928 1917 perte

140 1915 289 1990 pollicetur
301 1934 333 1974 oe
347 1916 480 1991 deinceps
494 1934 558 1973 esse
572 1915 721 1974 dietumm.

179 1992 296 2051 Accedit
309 1988 410 2051 eodem
423 1993 502 2056 testis
516 1993 653 2069 locuples,
675 1993 865 2062 Posidonius.
880 1996 927 2068 qui

140 2068 225 2126 etiem
254 2071 351 2128 scribit
376 2072 405 2128 in
430 2070 550 2143 qondam
574 2073 703 2148 epistola,
728 2074 763 2132 P.
790 2074 927 2132 Rutilium

141 2144 261 2208 Rusumi
273 2148 366 2206 dicere
387 2148 487 2216 solere,
508 2150 556 2222 qui
576 2149 731 2208 Pentetium
750 2151 884 2218 audieret,
898 2161 928 2208 nt

141 2241 225 2282 nemo
244 2225 335 2302 pictor
355 2236 431 2285 esset
453 2227 594 2295 inuentus,
609 2230 658 2302 qui
673 2228 777 2307 [Coe]
792 2230 928 2302 Venerisss

173 2417 188 2449 ⁸
205 2414 293 2475 Aonie,
304 2414 334 2465 nl.
344 2431 434 2466 annor.-
453 2417 484 2467 of
498 2418 558 2467 ench
573 2419 603 2468 of
617 2419 685 2468 these
702 2419 881 2469 nonetmntione
898 2435 928 2468 en

141 2480 251 2531 inetonoe
262 2482 283 2530 is
294 2481 375 2539 found,
386 2482 413 2530 ii.
420 2482 460 2542 22,
471 2483 519 2532 end
529 2483 569 2542 2³.

172 2546 185 2599 l
201 2545 323 2595 Rutilium
334 2544 436 2610 Rujum.
467 2547 521 2595 Lib.
532 2548 557 2595 ii.
569 2547 606 2596 13.

173 2610 184 2662 l
205 2610 311 2660 Venerio.
343 2611 381 2660 Of
397 2612 446 2661 thio
467 2609 606 2661 unfiniehed
627 2611 728 2674 picture,
744 2611 819 2675 Pliny
835 2612 931 2674 emolu,

141 2690 211 2723 xm.
231 2675 268 2724 10.
300 2677 420 2739 “Apelles
444 2677 518 2727 etiam
545 2677 700 2726 inchoaverat
722 2677 844 2724 Venerem
866 2678 931 2736 Coie,

141 2747 298 2800 superaturus
308 2742 383 2791 etiem
394 2758 463 2792 suem
472 2741 539 2790 illem
548 2741 659 2804 priorem.
693 2741 784 2790 Invidit
792 2757 850 2790 vero
859 2757 932 2800 mors,

141 2810 237 2861 peracta
248 2812 322 2867 perte,
331 2821 377 2856 nee
387 2809 429 2870 qui
441 2807 580 2858 reconderet
590 2807 655 2869 operi
667 2807 698 2854 ud
707 2806 850 2869 prescripto
859 2807 932 2857 lineu-

146 2871 224 2914 nentu
234 2867 346 2920 inventus
356 2874 417 2920 eet”
