1970 3278
316 215 380 264 LlB.
392 215 411 265 1.
427 213 503 290 Cdl’.
512 212 606 263 XXXI.
816 213 855 270 97

64 379 112 428 ne,
126 358 294 431 etquidem,
310 357 411 415 Graee'a
423 355 507 414 verba
519 357 707 414 inculcantes*
728 357 791 433 jure
805 375 855 433 op-

64 441 135 502 timo
148 438 303 504 rideamur3
325 437 366 494 sio
386 437 416 494 in
432 436 558 494 actiones
580 453 750 508 omnemque
770 437 854 494 vitam

64 517 171 576 nullam
185 516 401 592 discrepantiam
412 514 540 572 consenc
554 513 701 572 debemus.

103 597 195 668 Atque
215 595 276 652 haeo
295 593 452 650 differentia
473 602 630 650 naturanuu
649 602 753 650 tantam
772 592 856 650 habet

65 674 134 740 vim,
145 671 398 743 ut'nonnurnquam
410 680 529 728 mortem
541 671 595 727 sibi
604 671 667 748 ipse
677 672 854 728 consciscere

65 753 137 814 alius
157 750 281 817 debeat‚†
301 750 371 808 alius
392 749 422 806 in
443 748 540 806 eadem
555 767 655 808 caussa
667 767 725 806 non
745 749 853 808 debeat.

65 831 145 889 Num
160 829 236 888 enirn
250 827 304 892 alia
317 828 348 885 in
361 845 460 885 caussa
474 827 518 886 M.
534 826 607 884 Cato
618 827 678 896 suit,
691 828 745 884 alie
757 829 853 896 ceteri,

63 909 114 982 qui
127 925 158 964 se
172 909 203 966 in
221 907 316 966 Ais-ica
330 905 437 963 Caesari
456 905 642 964 tradiderunt?
682 907 769 978 Atqui
782 915 854 964 cete-

7 1051 9 1064 ,
62 988 103 1044 ris
117 987 232 1045 forsitan
253 986 322 1044 vitio
338 983 433 1042 datum
452 994 537 1052 esset,
552 985 622 1046 sire
636 981 853 1052 interemissent,

63 1074 212 1202 preopteree
225 1063 301 1137 quod
313 1065 404 1122 lenior
416 1081 514 1120 eorum
528 1064 586 1120 vita
598 1071 626 1120 et
640 1081 732 1120 mores
747 1063 855 1120 fuerant

108 1144 218 1200 iliores:
241 1142 344 1202 Catoni
361 1159 426 1198 cum
440 1141 633 1200 incredibilem
647 1141 790 1200 tribuisset
806 1159 854 1199 aa·

63 1233 126 1280 tara
144 1223 317 1298 gravitatem,
338 1237 458 1293 eamque
470 1221 533 1296 ipse
547 1229 681 1296 perpetua
699 1221 855 1276 constantia

62 1303 230 1370 roborasset,
251 1316 418 1375 semperque
438 1299 469 1355 in
492 1298 637 1374 proposito
666 1308 853 1374 susceptoque

64 1373 191 1438 consilio
204 1375 415 1455 permansisset,
434 1375 617 1438 moriundum
640 1377 745 1456 potius,
768 1393 853 1449 quam

65 1457 177 1533 tyranni
190 1459 297 1518 vultum
311 1456 505 1533 aspiciendum
519 1455 579 1512 suit.

105 1535 197 1600 Quam
210 1537 301 1594 multa.
307 1551 407 1612 passus
420 1543 464 1590 est
474 1533 575 1590 Ulixes
587 1533 618 1593 in
629 1533 677 1590 illo
688 1549 781 1590 errore
793 1531 853 1589 diu·

64 1617 175 1686 turno,‡
187 1632 251 1674 cum
273 1625 302 1672 et
320 1612 483 1671 mulieribus
503 1609 541 1686 (si
561 1606 645 1668 Circo
671 1620 700 1668 et
724 1609 853 1686 Calypso

63 1693 196 1753 mulieres
211 1691 383 1769 appellanda
402 1687 479 1766 sunt)
498 1689 654 1754 inserviret,
675 1699 704 1744 et
721 1688 752 1746 in
775 1688 853 1744 omni

23 1785 28 1794 ’
62 1779 193 1830 sermone
207 1769 338 1838 omnibus
363 1767 502 1826 affabilem
519 1775 547 1822 et
561 1764 718 1842 jucundum
737 1783 769 1821 se
787 1781 852 1822 esse

83 1963 111 1996 «θ
122 1959 283 2009 Iaculcames.
315 1959 378 2008 This
388 1959 447 2009 verb
457 1959 479 2007 is
490 1959 551 2007 used
561 1959 594 2021 by
602 1955 689 2005 Cicero
696 1955 723 2005 in
731 1956 772 2006 the
782 1971 853 2006 sense

61 2024 93 2076 of
103 2026 237 2090 misingin
245 2043 255 2084 ,·
271 2025 400 2090 imertiog.
432 2025 500 2074 Orat
515 2039 537 2072 c.
547 2023 586 2072 56.
618 2022 796 2072 “Inouloamus
812 2038 853 2072 su

62 2097 113 2140 tem
124 2105 166 2153 per
177 2090 366 2153 imprudentiam
384 2105 448 2154 saepe
460 2089 535 2138 etiam
551 2088 635 2136 minus
645 2087 754 2147 usitatos,
765 2088 808 2136 sed
819 2094 853 2136 ta

61 2171 121 2204 men
131 2157 239 2206 versus.”
256 2155 318 2204 Ibid.
330 2155 369 2203 69.
401 2156 495 2218 “Apud
501 2153 561 2202 elios
572 2152 693 2203 incutiente
704 2153 809 2218 reperies
817 2153 853 2202 in·

98 2220 103 2231 ¹
334 2221 349 2244 ιι
703 2229 706 2234 -

61 2218 374 2360 Ἧαὲὶῗῖιὼῖξὺῖἓῗιθα
390 2285 491 2334 another
509 2283 630 2340 occasion,
646 2283 732 2334 Cicero
749 2283 794 2332 has
814 2257 852 2332 de-

60 2351 144 2400 elnred
155 2367 187 2399 on
203 2351 303 2413 apurion
319 2349 442 2412 expressly
460 2349 575 2412 opposite,
606 2347 676 2398 “Piis
693 2349 806 2399 omnibus
817 2357 852 2396 re-

59 2415 176 2465 tinendus
187 2422 225 2464 est
236 2416 333 2464 animus
344 2415 371 2463 in
382 2415 492 2464 custodia
503 2413 623 2476 corporis3
638 2429 684 2462 nec
693 2415 789 2478 injussu
800 2413 853 2476 ejus

60 2497 137 2542 aquo
147 2481 188 2529 ille
204 2488 242 2530 est
258 2479 326 2529 vobis
340 2481 418 2538 datus,
437 2495 468 2528 ex
485 2479 613 2528 bominum
630 2479 680 2528 vita
696 2477 852 2544 migrandum

60 2546 123 2594 est.”
157 2545 281 2597 hSomu
293 2545 357 2608 Seip.
389 2542 852 2594 Haberestateswbstwasoonsenta·

60 2609 400 2674 neoustoStcicprinciples.
474 2643 476 2646 -
693 2625 697 2634 ·

95 2672 209 2726 iErrore
220 2675 343 2726 diuturno.
376 2673 523 2736 Exemplum
539 2679 577 2722 est
593 2671 670 2720 mrimi
688 2669 794 2718 ιιίιιιίιιιιι
811 2683 851 2730 pa-

482 2738 565 2788 uenus
576 2735 666 2791 Ulixes,

390 2795 851 2860 daemumdubioperduolnstrameri.

498 2866 568 2916 Ovid.
579 2861 649 2912 Pont
666 2861 697 2910 iv.
709 2859 754 2925 Ep.
765 2861 819 2911 29.

439 2935 457 2986 9

948 2825 976 2930 l
