1984 3276
140 207 179 264 28
416 203 464 254 oa
481 196 634 253 ornetis.

140 349 209 416 lent,
222 353 402 406 contemnant
423 355 452 404 et
470 363 522 422 pro
540 345 631 404 nihilo
651 351 763 422 putent,¹
777 351 946 421 propterea

137 428 230 504 justos
252 443 325 482 esse.
367 425 443 482 Nam
465 425 581 482 alterurn
598 425 714 500 justitiae
738 441 828 501 genus
857 437 945 482 asse·
975 497 976 502 ἵ

142 514 272 578 quuntur,
288 504 316 560 in
330 501 475 561 inferenda
499 523 534 560 ne
556 505 601 560 cui
622 513 740 560 noceant
754 502 860 578 injuria
875 522 885 568 ;
910 504 942 560 in

142 585 257 640 alterurn
277 579 429 639 incidunt*
469 581 605 639 Discendi
628 583 703 638 enim
726 581 820 638 studio
841 581 942 656 impe·
973 553 976 658 i

142 660 201 726 diti,
217 679 289 732 quos
313 661 382 717 tt'tcri
394 659 512 727 debent,
536 660 676 718 deserunt.
717 659 814 731 ltaque
830 677 887 715 eos
905 657 940 716 ad

141 754 201 796 tem
216 740 357 814 publicam
372 757 424 795 nec
438 753 600 796 accessuros
624 731 754 810 quiden'd
767 747 858 812 putat,
878 739 938 794 nisi
973 707 976 814 i

142 828 264 875 coactos.
315 817 627 889 AEquiusautenrerat‚
651 817 680 874 id
701 817 844 873 voluntate
859 815 938 872 fieri.
975 819 976 844 ¹

143 895 219 953 Nun
234 895 288 954 hoc
302 895 396 971 ipsum
410 896 448 953 ite
457 897 567 973 justum
588 906 641 964 cst,
665 893 741 968 quod
757 899 832 952 recte
848 893 895 961 fit,
912 893 937 950 si
975 891 976 982 l

143 982 187 1030 est
201 973 395 1032 voluntarium.
975 989 976 996 ¹

182 1051 361 1121 sumentem,
377 1053 425 1126 qui
439 1061 486 1132 eut
499 1051 591 1110 studio
605 1052 646 1110 rei
660 1050 793 1110 familaris
807 1049 934 1117 tuendae,

399 1147 400 1152 ¹
974 1153 976 1180 l

173 1209 189 1240 ⁴¹
200 1209 320 1258 Incidunt.
353 1207 451 1260 Several
465 1206 536 1256 MSS.
552 1210 601 1256 and
615 1209 682 1270 early
695 1208 786 1256 editors
798 1207 863 1254 ester
873 1221 935 1256 num

142 1272 205 1319 itate
218 1273 361 1320 introduced
377 1273 443 1332 dum,
459 1273 537 1318 which
556 1273 576 1318 is
592 1275 634 1320 the
647 1273 753 1334 ¹sending
771 1271 880 1331 adopted
903 1273 934 1332 by
975 1321 976 1348 ¹

143 1335 234 1396 Bisbop
247 1337 348 1384 Pearce.
381 1335 479 1383 Ernesti
491 1336 514 1380 in
528 1337 659 1384 bicciatis
676 1335 840 1384 Ciceroniana
858 1336 934 1381 inter·

143 1409 210 1461 prets
222 1400 332 1448 incidunt
343 1401 375 1460 by
387 1399 518 1462 offendunt,
529 1399 626 1450 violant.
648 1403 669 1448 Α
682 1401 811 1458 metapbur
823 1400 934 1458 possibly

143 1467 218 1512 talren
232 1466 293 1511 lrom
303 1466 343 1511 tlte
355 1465 431 1511 sbock
441 1465 469 1510 ot
478 1471 525 1509 two
537 1477 639 1524 persons
648 1465 754 1524 running
763 1462 862 1522 against
870 1465 933 1509 eucb
975 1485 976 1496 π

143 1530 214 1578 other
223 1531 255 1590 by
267 1530 387 1576 accident.
420 1527 468 1574 Pro
481 1527 564 1576 Plane.
579 1543 601 1576 c.
614 1531 636 1580 7.
669 1531 685 1558 “
698 1528 844 1587 Siquando,
858 1535 885 1572 ut
897 1527 933 1586 fit,

139 1591 224 1656 jactor
237 1595 261 1641 ln
273 1595 354 1653 turbu,
366 1605 415 1638 non
433 1593 501 1639 illum
513 1607 602 1640 accuso
614 1595 655 1654 qui
667 1599 704 1641 est
715 1593 739 1653 in
752 1603 847 1638 summe
860 1605 933 1638 sacra

144 1659 194 1719 vie,
205 1673 261 1705 curn
272 1673 319 1720 ego
331 1659 362 1704 ed
374 1656 479 1704 Fabium
493 1657 510 1704 F
513 1659 622 1706 ornicem
635 1657 755 1720 impellor,
768 1655 811 1701 sed
822 1666 878 1701 curn
891 1655 932 1715 qui

145 1722 170 1770 in
181 1723 307 1783 meipsum
318 1722 420 1770 incurrit
432 1731 504 1782 atque
516 1723 623 1769 incidit.'¹
805 1769 814 1786 ο

177 1787 250 1840 id'eo
266 1800 396 1834 accessuros
412 1785 516 1848 quidem.
549 1786 609 1832 This
625 1797 730 1844 passage
747 1795 852 1844 appears
873 1782 932 1829 with

146 1849 316 1896 considerable
333 1849 467 1898 variatione
487 1850 512 1894 in
534 1849 648 1894 different
666 1847 740 1894 MSS.
758 1860 788 1893 ue
807 1845 839 1893 ud
857 1861 933 1909 remp.
975 1881 976 1900 t

145 1909 242 1974 quidem
253 1911 416 1959 uersu-Neo
432 1912 465 1960 od
474 1925 548 1972 remp.
560 1911 655 1973 quidem
671 1910 836 1958 coccea-Nec
846 1923 885 1958 coc
900 1909 934 1958 ud

145 1987 220 2035 remp.
231 1974 327 2036 pridem
340 1973 508 2021 acceia-Nec
518 1973 614 2048 quidem
625 1988 706 2020 arcera
722 1973 852 2021 Foocioloti
860 1975 932 2021 alone
975 1993 976 2024 t

147 2036 210 2084 edits
224 2051 274 2084 uon
289 2049 370 2084 mest.
402 2037 462 2082 This
474 2049 588 2083 rarrnnce
607 2038 715 2098 possibly
732 2051 803 2083 arose
815 2039 878 2084 from
891 2039 931 2085 the

146 2100 287 2158 separation
299 2103 328 2146 os
335 2099 376 2146 tlte
392 2113 421 2146 ue
438 2100 487 2145 end
504 2098 608 2162 quidem,
626 2102 675 2148 and
694 2102 736 2147 the
756 2101 873 2148 insertion
892 2105 931 2148 be·

146 2164 309 2222 tacentium,
321 2166 353 2224 by
361 2163 472 2210 different
483 2164 582 2224 editors,
594 2166 624 2210 ol
636 2164 749 2212 different
760 2166 846 2212 words.
880 2159 943 2213 Tbe‘

145 2228 196 2274 ¹lust
207 2227 334 2286 ingenious
352 2228 401 2273 end
418 2227 517 2272 learned
530 2228 609 2274 editor
620 2231 650 2276 oi
663 2243 708 2275 our
724 2230 830 2274 author's
843 2230 931 2290 goldeu

148 2291 268 2350 trectises,
288 2292 323 2339 De
341 2292 430 2338 sancet.
447 2292 496 2337 and
513 2291 550 2337 De
570 2292 645 2340 durio.
676 2294 723 2343 Mr.
748 2293 776 2340 Ε.
798 2292 829 2340 Η.
842 2294 932 2342 uerter

148 2363 260 2415 suggests
273 2354 307 2415 (p.
322 2355 498 2402 tetrasemo
510 2355 612 2417 edition)
628 2357 684 2402 with
694 2365 763 2418 great
777 2358 931 2419 probability,

147 2417 202 2465 that
212 2417 346 2481 tte-quidem
360 2419 383 2466 in
396 2419 436 2465 tite
453 2431 522 2464 sense
539 2420 568 2464 oi
583 2425 625 2467 not
642 2435 710 2480 even,
723 2421 742 2467 is
755 2421 849 2466 formed
868 2423 929 2470 t'rom
974 2385 976 2468 i

147 2483 189 2530 tbe
202 2481 315 2544 junction
328 2484 357 2529 os
371 2497 415 2531 nec
426 2482 474 2529 und
486 2481 600 2546 quidem
616 2485 685 2530 wlten
705 2485 842 2544 separated,
854 2486 930 2533 there·

148 2548 210 2606 lore,
222 2548 274 2593 that
286 2548 326 2594 tire
338 2549 415 2594 whole
426 2547 456 2592 ot*
463 2547 523 2593 eecli
543 2549 610 2594 word
627 2548 711 2594 slrould
729 2550 759 2593 be
772 2549 892 2608 retained,
904 2565 929 2598 ns

148 2625 254 2671 appears
264 2611 287 2657 in
296 2613 338 2658 tlte
345 2614 436 2658 second
445 2612 475 2657 ot
483 2612 523 2657 tbe
534 2611 607 2673 MSS:
616 2613 722 2657 referred
733 2619 758 2657 to
769 2625 775 2666 ;
793 2613 860 2657 wlten
865 2611 929 2674 join-

148 2676 189 2734 ed,
198 2678 250 2723 tbat
259 2677 300 2723 the
309 2683 356 2722 two
369 2677 449 2722 words
458 2676 543 2721 should
554 2675 663 2736 coalesce
673 2675 724 2720 into
736 2689 782 2720 one
793 2688 799 2732 ς
819 2677 875 2722 asin
889 2693 928 2724 ne·

148 2741 287 2799 quicquum.
318 2739 377 2796 Nec,
390 2741 419 2786 he
431 2741 553 2798 observes,
568 2739 625 2784 witlt
637 2739 679 2784 tbe
690 2739 774 2798 ellipse
783 2739 812 2784 oi
820 2739 929 2802 quidem5

147 2806 197 2849 end
208 2819 292 2867 neque,
302 2819 348 2860 ure¹
356 2805 415 2852 used
424 2803 449 2851 in
459 2804 500 2850 the
509 2817 579 2851 sense
588 2804 617 2850 ol
625 2815 674 2864 unp
682 2816 739 2851 soen
748 2817 758 2859 ,·
769 2804 798 2849 os
806 2803 879 2849 wbiolr
893 2805 927 2850 in·

148 2871 245 2916 stactes
254 2883 296 2915 are
308 2869 387 2931 giren.
535 2881 537 2888 ·
848 2866 849 2872 ’
