1970 3278
122 184 177 238 120
403 179 452 228 DE
470 177 623 229 omens,

119 334 167 382 aut
187 324 217 382 in
231 321 418 382 ambulatione
438 339 535 380 secum
549 323 612 399 ipse
626 317 874 389 mediteturstaut
892 321 917 379 ai

119 402 187 475 quid
201 401 276 459 aliud
290 401 419 458 attentlus
429 401 542 476 cogitet,
558 419 616 458 non
630 399 874 476 reprehendatur:
891 409 918 457 at

119 481 174 539 hoo
196 479 270 538 idem
287 480 311 536 si
327 480 355 536 in
370 479 501 538 convivio
522 479 614 545 saciat,
630 477 918 550 inhumanusvidea·

118 570 171 626 tur,
187 559 297 614 inscitia
319 559 465 634 temporis.
505 557 562 614 Sed
583 575 627 624 ea,
650 575 712 629 quae
735 557 858 614 multum
882 557 917 613 ab

119 635 289 694 humanitate
303 637 472 714 discrepant,
497 645 537 702 ut,
559 637 585 693 si
603 636 667 708 quis
688 636 717 693 in
732 635 795 692 foro
810 643 915 701 cantet,

119 724 166 772 aut
179 715 204 770 si
226 733 281 786 qua
295 725 339 772 est
353 715 406 772 alis
420 734 521 792 magna
535 715 714 790 perversitas,
728 713 812 771 facile
827 731 916 789 appa·

118 802 181 849 rent
194 811 246 850 nec
262 812 364 870 magno
384 812 469 870 opere
491 792 714 850 admonitionem
728 802 758 849 et
771 801 916 868 praecepta

119 868 286 929 desiderant.
342 871 413 937 Quae
427 881 519 929 autem
533 889 620 946 parva
636 870 766 928 videntur
779 889 847 928 esse
868 868 915 927 de·

117 948 193 1016 licta,
208 968 300 1022 neque
321 969 338 1006 a
358 951 452 1007 multis
477 949 596 1024 intelligi
619 958 748 1026 possunt,
770 949 805 1006 ab
820 949 858 1006 iis
873 958 916 1006 est

119 1025 280 1104 diligentius
303 1027 511 1086 declinandum.
564 1027 605 1084 Ut
629 1027 659 1086 in
679 1027 782 1086 fidibus
808 1038 860 1085 aut
885 1027 915 1084 in

119 1105 205 1172 tibiis,
232 1107 360 1178 quamvis
385 1107 511 1182 paullum
526 1105 698 1180 discrepent,
725 1117 821 1163 tamen
843 1105 875 1163 id
898 1125 915 1162 a

118 1184 225 1242 sciente
240 1184 422 1243 animadverti
431 1185 512 1242 solet:
529 1184 571 1241 sic
584 1183 736 1244 videndum
749 1185 833 1242 estin
845 1185 914 1251 vita,

119 1280 155 1320 ne
176 1262 246 1320 forts
259 1263 326 1336 quid
347 1263 507 1340 discrepet;
529 1263 575 1320 vel
590 1263 694 1325 multo†
706 1263 792 1320 etiam
808 1263 913 1340 magis,

119 1359 176 1413 quo
196 1343 286 1419 major
306 1351 334 1398 et
354 1343 454 1400 melior
474 1341 628 1409 actionum,
650 1359 734 1414 quam
763 1359 913 1409 sonorum,

119 1430 272 1481 concentus
287 1430 340 1478 est.

120 1593 209 1654 CAP.
237 1595 315 1654 XLI.
357 1593 490 1654 Μῐηὶφηα
499 1601 620 1673 peccota
635 1611 696 1652 esre
708 1592 857 1653 citando:
880 1593 913 1652 in

158 1673 244 1732 rebus
259 1674 356 1734 dubiis
378 1673 451 1752 quid
474 1673 643 1732 hominibus
668 1672 761 1731 doctis
781 1671 909 1750 placeat,

159 1753 394 1908 gpppctierrcendumr
416 1753 566 1845 virtutem,
591 1751 756 1829 ubicunque
780 1749 831 1820 sit,
854 1749 911 1810 coli

158 1960 281 2028 Iasona,
297 1970 327 2018 ut
340 1961 370 2018 in
385 1961 487 2019 fidibus
507 1963 682 2020 musicorum
700 1979 781 2020 aures
796 1959 844 2018 vel
859 1961 912 2020 mi·

119 2036 197 2094 nima
210 2039 351 2096 sentiunt:
374 2040 415 2097 sic
427 2058 489 2108 nos,
505 2041 531 2097 si
542 2059 619 2098 acres
634 2059 667 2098 ac
680 2040 830 2116 diligentes
845 2059 911 2097 esse

119 2115 249 2173 volumus
265 2117 514 2177 animadversores
540 2119 682 2189 vitiorum,
709 2137 813 2196 magna
832 2135 912 2196 saepe

117 2323 120 2332 ,
150 2272 165 2305 ⁴¹
182 2269 319 2322 Meditetur.
335 2273 390 2322 The
399 2273 504 2339 original
515 2275 632 2342 meaning
643 2275 673 2324 of
678 2275 728 2324 this
739 2275 797 2324 verb
808 2290 914 2338 appears

105 2343 145 2391 „to
155 2335 216 2386 have
232 2338 293 2386 been
303 2338 458 2399 tanchelmo,
469 2356 496 2388 or
507 2341 611 2403 prectise
623 2340 770 2390 beforehand
781 2339 913 2389 recitation

118 2418 145 2452 or
154 2403 261 2468 singing.
294 2403 476 2458 Itslderivotion
487 2421 545 2469 moy
556 2407 585 2454 be
596 2405 660 2454 from
670 2405 763 2454 Melos:
780 2405 806 2453 in
819 2404 913 2470 Greek,

117 2469 158 2517 the
165 2485 232 2518 same
237 2470 401 2519 resemblance
406 2487 506 2534 appears
514 2472 622 2520 between
628 2472 746 2534 μίδομαι,
754 2469 913 2532 οιμιίδομιι,

117 2535 166 2582 aad
183 2535 263 2597 μέλος.
304 2535 429 2599 Speuking
445 2536 475 2583 of
492 2536 676 2595 Demosthenes,
694 2551 739 2584 our
761 2534 850 2584 author
865 2536 913 2584 has

117 2599 177 2658 said,
189 2599 227 2648 De
238 2601 305 2649 Orat.
317 2616 338 2648 c.
350 2601 387 2648 61.
403 2600 526 2663 “perfecit
538 2601 678 2649 meditando
688 2607 717 2649 ut
726 2615 800 2648 nemo
810 2599 913 2662 menius

116 2676 146 2709 eo
156 2663 251 2714 locutus
263 2666 410 2727 putaretur.”
429 2665 477 2713 and
492 2663 638 2723 Quintilian,
649 2665 680 2713 iv.
692 2681 714 2713 c.
724 2664 747 2712 2.
765 2664 825 2714 oslls
837 2671 853 2694 “
861 2665 914 2714 De-

116 2725 287 2789 clamationem
299 2729 432 2778 forensium
443 2729 567 2778 actionum
579 2729 786 2778 meditationem.”

149 2788 159 2838 ἴ
181 2791 224 2838 Vel
235 2793 316 2842 multo.
349 2795 457 2859 Legend‚
473 2792 544 2855 idque
555 2793 637 2851 multo,
648 2795 712 2856 quod
729 2807 814 2842 verum
827 2793 913 2842 unice.

150 2867 195 2913 ἀρ.
227 2855 259 2903 In
269 2857 311 2906 the
323 2858 394 2907 MSS.
405 2875 438 2908 no
449 2857 572 2908 variation·
583 2857 604 2905 is
615 2859 688 2906 noted
699 2858 725 2906 in
737 2857 786 2908 this
796 2872 913 2924 passage.
