1984 3276
143 189 179 246 ιθ
424 187 472 233 nn
490 184 642 233 oramus.

140 329 242 390 invicti,
259 326 449 404 magnitudine
475 345 507 384 ac
525 327 641 394 robore;
670 333 717 384 aut
737 327 767 386 iu
786 326 933 396 omnium,
973 358 974 406 p

140 427 203 480 quae
217 409 296 474 fiunt,
318 425 436 477 quaeque
457 405 597 472 dicuntur,
620 405 717 466 ordine
737 415 766 462 et
785 405 885 475 modo,
900 407 934 464 in
973 409 974 428 ³

140 501 196 558 quo
208 479 281 542 inest
294 485 431 542 modestia
445 494 473 542 et
486 484 675 559 temperantia.

179 564 249 628 Qua
260 574 377 634 quatuor
390 582 559 636 quamquam
574 564 645 620 inter
655 581 685 620 se
700 562 830 638 colligata
844 571 933 634 atque
973 603 974 608 κ

86 693 88 698 .
139 641 281 716 implicata
294 646 387 710 sunt*
399 654 492 700 tamen
506 660 542 700 ex
556 642 674 717 singulis
686 651 760 698 certa
769 640 932 702 officiorum
972 611 975 706 i

139 737 241 794 genera
255 729 415 780 nascuntur.
455 721 542 777 Velut
555 739 592 777 ex
606 739 639 776 ea
652 731 739 796 parte,
752 738 814 792 quae
835 721 934 794 prima
973 715 975 860 p

139 797 279 874 descripta
290 809 341 868 est,
356 799 387 856 in
401 819 455 872 qua
469 800 635 875 sapientiam
648 809 676 856 et
689 798 865 881 prudentiam
878 816 933 872 po·

139 875 244 944 nimus,
260 878 333 936 inest
346 878 486 955 indagatio
507 887 589 950 atque
609 878 734 938 inventio
753 877 830 944 νοτὶς
852 876 932 952 ejus·

138 971 193 1026 que
208 956 316 1012 virtutis
331 957 385 1014 hoc
399 975 501 1014 munus
516 967 559 1013 est
572 957 727 1032 proprium.
749 990 751 994 -

178 1033 219 1090 Ut
232 1035 312 1095 enim·
324 1036 442 1107 quisque
462 1036 586 1091 maxime
606 1034 751 1110 perspicit,
770 1030 838 1105 quid
852 1031 883 1089 in
898 1050 929 1090 re

137 1129 248 1184 quaque
271 1114 450 1170 verissimum
471 1113 517 1179 sit,
533 1113 637 1186 quique
658 1113 820 1172 acutissime
832 1119 869 1167 ‘et
882 1128 930 1168 ce·
976 1118 977 1134 ¹

138 1189 250 1247 lerrime
265 1201 358 1266 potest
371 1202 400 1248 et
413 1190 506 1248 videre
522 1201 550 1248 et
569 1192 709 1266 explicare
731 1191 878 1256 rationem,
902 1189 928 1246 is

137 1268 374 1344 prudentissimus
389 1279 417 1326 et
430 1270 656 1346 sapientissimus
669 1271 721 1328 rite
736 1267 833 1328 haberi
844 1267 928 1328 solet.
975 1301 977 1328 ;

138 1345 278 1412 Quocirca
292 1347 368 1414 huic,
384 1349 464 1418 quasi
484 1348 608 1413 materia,
632 1365 717 1419 quam
739 1355 836 1406 tractet
855 1345 930 1404 etin
977 1370 978 1454 p

137 1443 194 1498 qua
207 1435 341 1492 versetur,
357 1426 483 1502 subjecta
496 1435 539 1482 est
552 1425 664 1484 veritas,

179 1503 309 1576 Reliquis
327 1514 420 1561 autem
440 1505 527 1560 tribus
549 1499 729 1582 [virtutibus]
744 1500 929 1560 necessitates

136 1584 291 1660 propositae
308 1593 375 1641 sunt
395 1581 429 1639 ad
449 1599 496 1640 eas
518 1600 562 1638 res
584 1581 719 1658 parandas
741 1579 928 1652 tuendasque,

138 1663 240 1735 quibus
256 1663 328 1721 actio
342 1663 405 1722 vita
420 1662 594 1729 continetur;
615 1672 646 1718 ut
660 1671 688 1718 et
701 1661 820 1718 societas
836 1659 929 1716 homi·

137 1758 207 1798 uum
222 1739 437 1818 conjunctioque
452 1752 594 1806 servetur;
616 1749 644 1796 et
657 1739 743 1796 animi
760 1737 930 1798 excellentia
978 1763 979 1804 t

137 1821 368 1893 magnitudoque,
390 1839 454 1876 cum
475 1819 505 1875 in
526 1817 660 1894 augendis
681 1817 782 1892 opibus
803 1815 930 1874 utilitati·

137 1895 246 1966 busque
261 1906 289 1952 et
302 1897 357 1952 sibi
372 1906 400 1952 et
413 1897 472 1953 suis
484 1894 689 1969 comparandis,
700 1906 758 1952 tum
770 1895 857 1954 multo
869 1913 930 1952 ma-

138 1973 182 2048 gis
197 1974 226 2028 in
241 1972 285 2028 his
300 1973 370 2048 ipsis
385 1972 585 2048 despiciendis,
595 1973 711 2030 eluceat
733 1973 928 2041 Ordoautem,

138 2059 167 2106 et
179 2051 343 2122 constantia,
359 2061 386 2106 et
400 2049 564 2116 moderatio,
580 2059 608 2106 ct
622 2070 665 2118 ea,
680 2070 742 2124 quac
752 2062 817 2109 sunt
828 2052 873 2108 his
889 2051 929 2109 si·

138 2127 225 2192 milia,
241 2137 385 2184 versantur
405 2129 483 2186 ineo
504 2146 617 2204 genere,
639 2129 673 2187 ad
694 2129 769 2203 quod
791 2139 835 2187 est
848 2129 930 2188 adhi-

137 2205 228 2262 benda
242 2206 314 2262 actio
329 2205 467 2278 quaedam,
488 2225 545 2264 non
563 2208 656 2266 solum
677 2209 781 2268 mentis
801 2208 929 2283 agitatio.

139 2282 195 2340 His
217 2283 293 2342 enim
311 2285 404 2352 rebus,
426 2303 488 2357 quae
510 2294 657 2344 tractantur
676 2288 707 2346 in
726 2287 792 2354 vita,
807 2285 929 2346 modum

170 2490 183 2519 ³
194 2489 319 2553 implicatu
329 2496 392 2539 runt.
425 2491 505 2540 There
516 2493 605 2540 virtues
617 2501 660 2540 not
671 2493 730 2553 only
740 2493 802 2538 have
814 2505 830 2537 tt
841 2503 928 2543 meas.

139 2571 195 2616 snry
208 2555 320 2616 relation,
333 2559 374 2602 but
387 2556 444 2616 they
457 2557 519 2602 have
531 2572 546 2602 n
557 2571 687 2617 necessary
700 2557 806 2603 reliance
817 2569 848 2600 on
861 2561 928 2608 each

35 2671 39 2678 ,
137 2621 228 2668 other's
241 2619 290 2670 aid,
323 2620 449 2667 Prudence
461 2622 599 2682 enligirtens
610 2623 702 2668 Justice
714 2622 737 2666 in
745 2622 785 2667 the
793 2619 927 2685 discharge

138 2685 168 2730 ot'
182 2686 226 2730 her
237 2684 331 2742 dnties;
350 2685 463 2746 Courage
483 2685 502 2731 is
513 2687 580 2732 osten
593 2686 706 2745 requisita
719 2696 744 2732 to
760 2684 852 2732 sustain
868 2685 926 2734 Jus-

138 2747 203 2806 tice;
220 2750 262 2794 but
274 2755 299 2794 to
315 2755 419 2808 prevent
430 2750 484 2796 that
496 2749 608 2812 Coniuge
625 2751 689 2796 from
701 2749 830 2812 becuming
846 2747 925 2799 Rath·

138 2823 204 2872 nem,
214 2811 382 2873 Temperance
393 2827 422 2862 or
432 2813 589 2863 Moderation
599 2814 735 2875 proscribet
746 2815 779 2864 ite
788 2815 892 2864 bottuda⁸
