1970 3272
341 243 401 291 ΗΒ.
412 245 443 293 ll.
462 244 534 292 CAP.
546 241 598 292 llll.
805 249 860 306 149

66 382 103 440 ad
124 383 344 444 incolumitatem
365 388 467 453 solum,
496 387 546 445 sed
575 387 660 445 etiem
688 385 721 444 ed
743 405 812 464 opes
832 401 860 449 et

66 463 222 536 potentiam
250 466 323 522 valet
349 465 511 539 plurimum,
541 465 570 523 id
598 467 807 542 amplectamur,
828 479 860 526 ut

66 549 160 597 metus
175 543 256 609 absit,
272 544 370 600 caritas
392 544 558 601 retineatur:
581 546 619 602 ita
638 545 779 613 facillime,
795 565 858 619 quie

64 619 205 688 volemus,
227 632 255 678 et
274 622 390 698 privatis
410 623 440 678 in
461 623 554 688 rebus,
576 632 604 679 et
631 623 660 679 in
689 641 717 680 re
746 626 858 700 publice

64 713 283 770 consequemur.
324 700 450 765 Etenim,
477 701 526 770 qui
549 719 580 757 se
603 703 689 757 metui
711 703 815 771 volent,
841 723 857 761 a

63 776 168 847 quibus
189 789 356 845 mutuentur,
378 779 493 835 eosdem
514 789 639 836 metuant
657 779 724 854 ipsi,
739 800 856 840 necesse

62 865 116 912 est.
208 911 211 917 .

101 933 180 1000 Quid
195 935 272 993 enim
292 938 469 1002 censemus,*
491 936 664 1012 superiorem
686 936 765 994 illum
787 937 855 998 llio·

61 1014 192 1088 nysium,
218 1033 274 1086 quo
299 1015 421 1072 cmcietu
442 1015 550 1072 timoris
573 1015 637 1090 engi
660 1015 784 1083 solitum,
806 1017 854 1089 qui

12 1146 15 1154 ,
60 1092 168 1152 cultros
183 1105 311 1150 metuens
326 1093 491 1160 tonsorioe,†
506 1093 641 1151 candente
655 1095 774 1152 carbone
789 1095 854 1153 edu·

60 1172 140 1228 rebat
150 1171 303 1246 capillum!
315 1171 412 1237 Quidt
423 1172 612 1232 Alexandrum
625 1171 784 1238 Pheneum,
797 1191 853 1246 quo

60 1250 158 1308 animo
166 1249 272 1307 vixisse
281 1250 462 1306 arbitramur?
474 1251 532 1321 qui,
540 1260 571 1307 ut
578 1251 711 1324 scriptum
722 1251 852 1326 legimus,

59 1343 126 1386 eum
142 1346 262 1386 uxorem
283 1328 404 1385 Theben
425 1327 575 1384 admodum
597 1327 740 1403 deligeret,
759 1342 852 1388 tamen

58 1406 94 1464 ad
108 1425 173 1465 eam
188 1425 225 1465 ex
238 1406 330 1482 epulis
344 1405 544 1464 incubiculum
556 1406 683 1475 veniens,
693 1408 850 1477 barbarum,

56 1598 91 1648 tic
103 1597 179 1654 force,
189 1593 239 1643 this
249 1593 336 1658 vigour
347 1592 377 1643 of
387 1593 497 1641 Anteius.
529 1591 583 1644 The
595 1593 754 1642 descendants
765 1593 797 1644 of
806 1596 851 1646 her

57 1671 123 1713 most
134 1661 221 1711 ardent
231 1657 342 1717 rotarios,
353 1657 430 1707 under
438 1657 539 1706 another
546 1665 645 1722 system,
653 1659 751 1708 becrmm
760 1676 787 1708 as
796 1661 851 1709 sub-

57 1729 160 1780 missive
170 1726 255 1776 eleves
288 1723 386 1788 During
396 1723 437 1772 the
453 1722 505 1770 rulo
518 1722 547 1771 of
558 1726 693 1786 Augustus,
708 1739 799 1799 among
809 1725 851 1774 the

56 1793 158 1844 consuls
165 1791 187 1840 is
198 1789 330 1840 numbered
342 1788 378 1838 M.
389 1787 420 1837 T.
430 1786 524 1847 Cicero,
535 1794 560 1838 to
571 1787 653 1836 whom
661 1786 710 1836 this
721 1790 850 1840 treebseis

57 1857 196 1909 addresscd.

90 1928 106 1960 e
120 1920 188 1981 Quid
199 1920 402 1968 admonemur.
435 1917 467 1966 In
477 1933 545 1967 more
555 1916 616 1967 than
627 1932 673 1966 oue
680 1916 797 1978 instance,
804 1935 849 1970 our

56 1990 147 2040 author
164 1986 208 2034 has
223 1983 350 2048 employed
367 2001 383 2032 e
400 1983 494 2033 similer
509 1982 681 2034 construction.
712 1983 760 2034 Pro
777 1983 850 2035 Rosc-

56 2056 116 2104 Am.
129 2051 166 2099 17.
182 2048 267 2106 “Quid
279 2065 369 2108 censes,
380 2049 447 2098 hunc
454 2048 535 2112 ipsum
546 2048 571 2098 S.
581 2047 762 2112 Rosciumque
770 2050 850 2102 sudio

56 2116 177 2168 -essel’¹
195 2114 232 2162 Dc
238 2115 283 2216 ²Or.
294 2114 310 2163 i.
320 2114 357 2163 17.
366 2113 454 2172 “Quid
461 2114 682 2180 censes-qualem
693 2114 763 2165 illum
773 2121 850 2168 crete

56 2199 112 2234 rem
123 2181 233 2230 ficturum
241 2181 265 2226 .”

89 2251 103 2303 †
119 2247 252 2296 lbuaorioe.
284 2243 443 2294 “Tonsomm
459 2250 534 2303 metu,
547 2246 646 2296 tondere
663 2245 727 2296 lilius
737 2263 795 2298 suas
805 2247 846 2296 do-

55 2314 115 2364 cuit.
148 2311 268 2369 Quorum,
283 2315 410 2373 mennam
428 2309 516 2358 edultoe
534 2311 600 2360 renti
617 2312 848 2376 appropinquabant,

56 2378 171 2428 menibus
181 2376 273 2426 ferrum
284 2391 333 2424 uon
343 2391 417 2424 ausus
428 2373 587 2436 committere,
595 2375 701 2426 instituit
709 2381 737 2426 ut
745 2378 849 2426 conden-

55 2444 121 2493 tium
140 2441 291 2508 juglantium
308 2440 481 2503 putaminibus,
498 2440 598 2490 berbeur
619 2441 667 2492 sibi
687 2448 713 2491 ct
731 2441 847 2504 capillum

57 2509 210 2560 edmerent'’
242 2505 296 2556 Vel.
316 2505 383 2554 Mox.
400 2505 490 2554 libia.
507 2521 529 2553 c.
544 2505 582 2555 1³.
615 2506 646 2555 In
663 2506 791 2568 nmeung
807 2503 849 2552 the

57 2590 125 2624 same
143 2573 339 2629 circumstances,
355 2570 430 2619 Tusc.
441 2586 463 2618 v.
473 2568 521 2629 20,
535 2570 623 2621 Cicero
640 2586 704 2635 seys,
715 2567 850 2618 “instituit

57 2655 104 2701 que
118 2638 278 2686 ut-berbnm
291 2635 338 2684 sibi
349 2643 375 2684 et
383 2635 500 2699 capillum
511 2636 663 2685 edinerent.”
696 2632 851 2704 Oudendorp,

58 2701 226 2764 commenting
234 2717 267 2750 on
277 2699 414 2759 Suetonius,
422 2699 481 2749 Ner.
492 2715 514 2748 c.
526 2701 548 2748 1.
558 2699 652 2749 notice·
660 2699 701 2746 the
713 2708 815 2767 pessogq
823 2708 850 2740 ¹1¹

57 2768 100 2816 the
110 2770 168 2822 text,
184 2765 232 2814 und
247 2764 331 2814 thinks
346 2766 399 2813 thet
413 2765 481 2814 there
493 2764 515 2812 is
525 2779 559 2812 no
569 2763 647 2813 defeci
657 2762 683 2810 in
694 2766 737 2825 not
748 2772 851 2830 nemrfrg

57 2833 98 2881 the
106 2829 190 2885 beerdr
205 2828 309 2893 capillus
320 2829 401 2894 being,
409 2829 436 2878 in
444 2827 483 2878 his
490 2827 599 2889 opinion,
607 2843 623 2876 e
629 2824 729 2890 general
737 2831 821 2880 terrm?

58 2896 160 2961 cluding
171 2894 225 2944 hair
235 2894 284 2943 end
295 2893 375 2942 beard.

414 2993 469 3047 13*
