1970 3272
414 227 461 274 DE
477 225 629 275 orrtcttS.

128 373 234 431 fructus
257 369 436 437 liberalitatis,
458 370 538 446 cujus
559 387 648 445 pauca
667 366 798 444 exempla
820 368 924 444 posui,

130 453 219 510 multo
232 463 261 508 ct
274 450 362 523 major
381 447 498 514 videtur,
512 460 541 505 et
554 448 664 506 certior.
705 447 817 513 Quanto
840 447 926 503 Aris·

129 531 245 588 toteles*
258 527 370 604 gravius
384 538 412 584 ct
424 527 518 584 verius
532 545 584 585 uos
599 525 785 602 reprehendit,
800 525 852 597 qui
868 525 924 582 has
968 557 969 564 κ

129 607 310 685 pecuniarum
331 605 485 663 effusiones
498 625 556 663 non
570 605 747 671 admiremur,
763 622 827 675 quae
847 603 925 660 fiunt

130 685 165 743 ad
178 683 385 742 multitudinem
405 683 611 742 deliniendam:
634 693 662 740 at
674 684 705 751 ii,
720 683 769 754 qui
784 683 818 738 ab
835 683 921 738 hoste

127 763 300 830 obsidentur,
314 763 341 820 si
354 781 448 821 emere
468 781 547 834 aqua
568 762 721 820 sextarium
735 761 812 818 mina
835 779 922 836 coge-

129 851 233 909 rentur,
247 841 303 900 lroc
317 842 409 918 primo
425 839 552 918 [auditu]
567 839 730 898 incredibile
743 839 826 896 nobis
842 839 922 896 vide·

129 920 162 987 ri,
174 938 330 991 omnesque
342 919 453 976 miraris
468 918 529 984 sed,
541 937 605 977 cum
618 917 791 984 attenderint,
804 918 920 975 veniam

130 998 290 1056 necessitati
302 997 385 1055 dare:
407 996 437 1054 in
451 997 496 1056 his
517 997 686 1055 immanibus
709 996 839 1072 jacturiS,
855 997 921 1053 inli-

129 1077 252 1148 nitisque
266 1074 416 1142 sumtibus,
431 1075 502 1132 nibil
515 1094 568 1133 nos
582 1093 685 1149 magno
699 1093 784 1150 opere
799 1076 898 1132 mirari
911 1095 918 1141 ς
963 1098 965 1106 ·

130 1173 195 1212 cum
209 1154 362 1229 presertim
378 1171 469 1226 neque
483 1154 641 1214 necesdmti
657 1154 848 1221 subveniatur,
864 1173 919 1210 nec

128 1232 249 1308 dignitas
268 1241 414 1308 augeatur3
435 1232 552 1308 ipsaque
566 1233 614 1290 illa
627 1231 773 1290 delectatio
794 1233 919 1290 multitu·

129 1309 204 1368 dinis
224 1310 306 1369 sitad
325 1313 409 1368 breve
433 1313 624 1387 exiguumque
647 1321 777 1386 tempus3
799 1329 919 1382 eaquea

129 1388 276 1448 levissimo
299 1407 429 1462 quoque:
453 1390 481 1447 in
502 1409 559 1463 quc
579 1401 671 1447 umen
693 1390 756 1464 ipso
780 1408 916 1446 unacum

130 1468 265 1534 satietate,
291 1469 428 1526 memoria
453 1486 565 1541 quoque
593 1469 727 1526 moriatur
754 1468 916 1542 voluptatis.

130 1547 209 1604 Bene
223 1549 305 1606 etiam
319 1546 436 1622 colligit,
451 1547 511 1604 baec
522 1548 627 1623 pueris,
642 1558 670 1602 et
683 1545 866 1613 mulierculis,
890 1559 919 1604 et

128 1627 230 1694 servis,
244 1638 273 1685 et
291 1643 437 1684 servorum
457 1626 609 1684 simillimis
622 1625 727 1690 liberis,
743 1643 807 1680 esse
821 1637 915 1700 gratu:
967 1635 969 1640 ’

129 1705 207 1781 gravi
221 1724 287 1764 vero
301 1704 420 1771 homini,
434 1720 463 1763 et
475 1725 518 1774 ea,
533 1724 595 1778 quae
609 1705 689 1770 fiunt,
709 1702 819 1778 judicio
839 1715 916 1761 certo

129 1783 305 1862 ponderanti,
319 1783 429 1860 probari
446 1803 529 1860 posse
543 1784 620 1842 nullo
636 1781 729 1839 modo.

169 1862 347 1934 Quemquam
369 1863 504 1937 intelligo,
519 1864 657 1918 innostra
678 1860 788 1917 civitate
811 1860 915 1919 invete-

129 1957 215 2007 rasse,
231 1941 328 2015 etjam
341 1940 423 1996 bonis
443 1940 625 2014 temporibus,
641 1948 671 1994 ut
684 1938 817 2014 splendor
830 1939 915 1996 aedili-

126 2017 230 2079 tatuml
242 2019 277 2075 ab
290 2011 415 2094 optimis¹
426 2017 494 2074 viris
514 2016 678 2093 postuletur.
717 2016 815 2090 ltaque
839 2029 868 2075 et
881 2019 914 2076 P.

159 2227 174 2258 ⁸
186 2224 335 2274 Aristotcles.
368 2226 398 2276 In
415 2227 457 2276 the
474 2242 606 2276 numerous
621 2227 734 2293 writings
753 2227 783 2278 of
800 2229 914 2279 Aristode

127 2288 209 2338 which
219 2290 280 2340 have
295 2291 356 2339 been
369 2295 502 2354 preserved,
512 2309 545 2340 no
555 2292 616 2341 such
628 2309 729 2357 passage
740 2293 785 2341 has
795 2295 857 2342 been
868 2296 913 2343 dis

126 2355 233 2404 covered.
255 2354 369 2404 Muretus
378 2358 425 2405 arrd
432 2357 457 2406 J.
466 2357 604 2406 llLHeusin
637 2359 913 2422 rsuggesttlratAristo,

126 2437 153 2468 or
164 2419 249 2470 Aristo
258 2419 336 2469 Chius
346 2437 374 2468 or
385 2421 481 2471 Stoicus
490 2439 548 2486 may
559 2423 589 2470 bc
628 2440 641 2470 e
652 2430 706 2472 true
717 2424 826 2488 reading.
851 2425 912 2474 This

127 2486 194 2536 Stoic
202 2485 361 2548 Philosopher
372 2486 416 2536 has
428 2488 488 2536 been
500 2487 579 2536 before
590 2489 686 2546 named,
702 2488 718 2536 i.
728 2487 752 2535 2.

158 2551 349 2604 †AEdilitatatm.
386 2553 486 2616 Among
507 2552 548 2600 tlro
571 2552 649 2600 dutics
672 2553 701 2601 of
729 2553 796 2600 these
819 2554 911 2603 officere

126 2633 178 2666 was
188 2617 230 2668 the
241 2616 394 2667 directiones
404 2619 445 2666 the
455 2618 534 2680 public
546 2633 637 2680 gmncs.
660 2617 690 2681 In
699 2632 796 2680 process
807 2619 838 2666 of
847 2620 912 2678 tirno,

123 2682 166 2730 the
181 2691 276 2734 custom
292 2699 343 2732 was
359 2683 499 2732 introduced
518 2681 548 2730 of
559 2681 687 2746 desraying
705 2682 747 2730 the
766 2699 870 2744 expense
888 2685 916 2733 os

124 2747 193 2794 tbesc
203 2757 246 2799 out
257 2748 286 2798 of
297 2748 360 2797 their
370 2765 426 2798 own
435 2747 547 2812 pockcts:
564 2749 741 2808 etsubscquent
751 2748 911 2808 electiona,au

122 2810 226 2861 interest
236 2830 287 2862 was
298 2815 330 2877 by
342 2811 482 2864 thismearrs
488 2812 583 2861 created
590 2827 681 2875 among
688 2811 728 2859 the
735 2812 809 2860 lower
818 2811 911 2863 classes

121 2871 186 2921 This
206 2879 279 2926 abusc
297 2879 395 2928 became
407 2895 434 2927 so
445 2885 521 2944 great,
532 2877 584 2926 that
595 2877 636 2926 the
648 2876 783 2940 peptdarity
800 2894 828 2927 or
840 2895 911 2944 unpo·
