1970 3272
330 223 391 272 bre.
403 224 433 272 ll.
451 223 523 272 CAP.
535 222 589 272 vn.
802 231 857 288 tlt

68 380 147 500 saepp
174 365 205 455 in
229 374 324 423 nostra
350 385 380 424 re
408 365 520 444 publica
548 365 706 434 videmum*
728 376 857 429 mercede

69 459 124 500 con
146 455 212 501 uctr.

68 633 162 694 CAP.
184 633 253 693 Vll.
273 632 362 693 Nihil
367 634 562 712 periculosius
571 653 631 692 esce
641 654 731 712 quum
740 637 854 710 metui,-

250 713 329 772 rtihil
340 711 444 772 utilius
458 732 547 792 quem
557 713 663 772 amori.

102 839 234 898 Orrrrmu
253 826 346 897 autam
360 857 454 897 rerum
468 857 521 896 nec
536 839 627 915 aptius
641 848 685 896 est
703 805 854 913 quidquam

64 917 99 974 ad
120 935 193 994 opes
221 917 337 975 tuendae
364 937 398 974 ac
418 917 562 984 tenendae,
584 935 667 991 quarn
692 917 781 995 diligi,
803 939 854 978 nec

64 997 197 1063 alienius,
213 1013 297 1068 quam
317 996 419 1054 timeri.
460 996 597 1054 Praeclare
612 995 742 1054 Enniuez

103 1091 200 1158 Quem
222 1101 360 1157 metuunt,
388 1090 493 1149 odere:
527 1109 614 1165 quem
638 1092 758 1164 quiaque
785 1092 853 1161 odit,

188 1169 308 1244 periisse
321 1170 438 1252 expetit.

63 1263 223 1321 Multomm
238 1273 330 1322 autern
344 1264 416 1322 odiis
426 1264 516 1321 nullas
527 1283 597 1340 opes
608 1283 694 1340 poree
707 1265 853 1334 obristere,
890 1325 892 1330 ,

62 1342 88 1398 si
102 1351 186 1402 antea
199 1340 252 1398 fuit
265 1343 402 1418 ignotum,
423 1361 514 1418 nuper
533 1353 577 1400 est
596 1344 748 1419 cognitum.
789 1343 853 1402 Nec

62 1438 130 1479 vero
142 1420 227 1496 hujus
248 1422 360 1496 tyranni
380 1421 482 1488 solum,
503 1439 588 1492 quem
608 1422 693 1479 armis
714 1435 851 1498 oppressa

62 1499 181 1573 pertulit
200 1498 308 1564 civitas,
330 1510 463 1574 paretque
483 1518 548 1556 curn
575 1501 699 1556 maxime
718 1501 854 1566 mortuo‚†

61 1577 194 1635 interitus
216 1575 344 1644 declarat,
360 1587 493 1648 quantum
507 1577 603 1633 odium
618 1577 765 1633 hominum
779 1578 853 1633 valet

60 1657 95 1713 ad
113 1665 241 1732 pestem3
262 1656 313 1712 aed
332 1655 503 1726 reliquorum
523 1653 631 1711 similes
653 1654 745 1710 exitus
759 1663 852 1726 tyran·

60 1752 175 1798 norum,
198 1751 317 1804 quorum
331 1731 407 1790 haud
420 1731 477 1788 fere
492 1731 640 1802 quisquam
662 1731 744 1788 talem
759 1731 852 1789 iuteri-

60 1822 122 1872 tum
137 1811 245 1887 effugit.
286 1811 381 1870 Malus
402 1820 445 1867 est
458 1809 534 1866 enim
555 1821 649 1865 custos
664 1807 850 1867 diuturnitatis

61 1903 166 1956 metus,
182 1899 331 1964 contraque
341 1887 534 1948 benevolentia
547 1885 639 1944 fidelis
654 1886 699 1945 vel
710 1885 745 1946 ad
753 1903 852 1965 perpe·

61 1970 201 2028 tuitatem.

94 2145 109 2174 *
127 2139 250 2191 Wdemm.
282 2142 372 2207 hgain,
384 2142 441 2191 both
448 2144 592 2207 conjecture,
599 2142 707 2193 vidimata
714 2159 723 2201 ,⁶
735 2143 761 2191 iu
770 2143 851 2194 which
861 2201 863 2209 s

60 2209 121 2272 they
132 2221 174 2255 arc
185 2207 315 2270 supported
326 2208 358 2272 by
369 2223 415 2255 one
426 2207 480 2256 MS.

336 2367 500 2416 CHAPTER
516 2366 575 2416 VII.

92 2500 106 2552 †
117 2498 370 2562 Percepit-mortuo.
401 2497 482 2574 fllheee
491 2499 537 2547 five
547 2500 627 2548 worda
638 2515 679 2548 are
687 2504 730 2546 not
738 2495 812 2547 found
823 2497 850 2544 in

60 2580 137 2676 {td
149 2563 851 2692 Militi·⁶t'v¹lil‡l⁰t2·ytl⁶¹tl⁰t¹lllttttt

58 2693 128 2740 there
138 2707 179 2738 ore
202 2694 231 2740 bc
248 2693 274 2740 in
290 2691 370 2741 doubt.
402 2692 474 2755 They
491 2645 604 2755 probath
620 2691 683 2738 refer
699 2697 724 2740 to
740 2691 780 2740 the
796 2689 850 2736 obe-

58 2757 146 2804 dience
163 2755 218 2817 prid
230 2757 291 2804 ester
303 2757 407 2806 Caeear'e
422 2757 501 2814 death,
512 2763 555 2804 not
565 2756 623 2818 only
636 2761 661 2802 to
671 2754 710 2812 his
721 2755 771 2804 real
782 2769 849 2802 man·

59 2823 135 2878 dates,
153 2821 197 2868 but
215 2827 240 2867 to
259 2837 326 2869 some
342 2823 463 2884 produced
475 2822 550 2870 inhia
561 2835 633 2868 name
649 2819 681 2881 by
693 2818 729 2868 M.
742 2820 849 2886 Antony‚

60 2885 141 2935 which
153 2901 217 2934 were
225 2886 350 2950 generally
359 2887 476 2948 supposed
487 2893 513 2934 to
523 2887 552 2934 be
563 2883 686 2949 sergeries.
