1978 3268
319 173 635 254 ununenrnxxn.
811 213 868 267 ³05

81 341 130 398 hie
142 340 181 398 T.
194 340 318 412 Manlius
330 343 354 400 is
367 354 419 410 est,
432 346 481 416 qui
492 345 525 404 ed
536 348 675 406 Anienem
686 347 772 417 Gelli,
782 368 867 422 quem

81 421 116 475 ab
131 437 166 476 eo
180 432 345 494 provocatus
366 423 513 489 occiderat,
525 435 622 498 torque
637 425 788 493 detrecto,*
801 447 866 504 cog·

79 515 186 554 nomen
207 499 314 555 invenit
323 501 349 559 :i
366 499 446 574 cujus
467 503 548 558 tertio
563 504 709 562 consulatu
723 501 818 565 lerini
832 505 867 564 ad

80 575 229 649 Veserim
243 577 298 632 fusi
319 585 346 632 et
359 575 455 652 fugati.
495 577 617 654 Magnus
643 583 685 640 vir
704 583 733 640 in
754 584 865 660 primis,

80 654 170 726 etqui
184 653 382 731 perindulgens
396 655 427 712 in
447 663 564 731 patrem,
579 657 654 718 idem
675 662 772 719 acerbe
787 679 866 720 seve·
951 687 953 692 ’

79 749 127 788 rus
141 732 172 788 in
186 732 303 806 filium.§

79 885 170 946 GAP.
183 888 309 948 XXXII.
343 887 524 968 Eeemplem
538 887 720 968 captivorum
733 890 775 954 ad
783 893 865 954 Han-

236 965 333 1026 nibale
348 968 389 1026 od
401 977 536 1028 senatum
549 969 719 1029 missorum.

118 1080 180 1137 Snn
193 1088 225 1137 ut
244 1080 397 1140 laudandus
412 1083 539 1161 Regulus
553 1085 582 1142 in
598 1083 790 1143 conservando
800 1085 865 1162 jure

73 1157 205 1236 jurando,
231 1160 272 1216 sio
297 1159 395 1217 decem
419 1161 470 1228 illi,
495 1180 566 1232 quos
591 1173 656 1237 post
681 1162 862 1222 Cannensem

77 1251 202 1314 pugnam
222 1237 330 1312 juratos
353 1237 388 1293 ad
413 1235 541 1295 senatum
565 1241 644 1296 misit
666 1239 818 1309 Hannibal,
832 1243 863 1300 in

76 1328 167 1373 castra
179 1314 316 1372 redituros
331 1335 373 1380 ea,
386 1333 505 1387 quorum
517 1325 595 1372 erant
611 1317 692 1392 potiti
704 1319 796 1385 Poeni,
806 1320 861 1376 nisi

76 1392 112 1450 de
125 1393 295 1450 redimendis
310 1393 427 1470 captivis
451 1395 686 1469 impetravissent,
702 1395 727 1451 si
751 1413 809 1452 non
822 1414 864 1452 re-

76 1471 197 1538 dierunt,
212 1472 395 1547 vituperandi.
437 1471 482 1528 De
496 1472 597 1542 quibus
612 1490 669 1529 non
693 1490 792 1530 omnes
806 1491 864 1530 uno

75 1549 170 1607 modo.
203 1547 249 1626 [N
251 1549 312 1628 em]
328 1550 489 1626 Polybius,ss
504 1551 595 1607 bonus
610 1559 705 1608 auctor
717 1551 747 1607 in
761 1550 861 1626 primis

74 1689 319 1804 him‚oeruin1pnot
336 1706 401 1738 more
419 1689 536 1755 binding:
553 1691 596 1740 but
612 1689 637 1738 if
647 1689 667 1738 it
682 1705 753 1748 were,
773 1689 793 1739 it
807 1689 864 1740 does

74 1761 117 1804 not
128 1772 217 1818 eppenr
228 1773 250 1804 w
267 1773 285 1820 y
296 1755 337 1804 the
349 1755 489 1804 accusation
500 1755 530 1803 of
541 1755 579 1803 liis
595 1755 675 1803 bruta]
686 1755 734 1803 ond
745 1762 810 1803 most
819 1771 863 1804 un·

73 1819 175 1883 populnr
186 1821 264 1870 father
274 1820 355 1885 might
366 1827 409 1869 not
419 1821 480 1868 bure
491 1819 603 1868 devolved
614 1836 646 1867 on
655 1835 722 1868 some
733 1819 862 1881 utherper-

73 1899 126 1933 son.
158 1886 189 1933 Τ.
198 1885 251 1934 Liv.
263 1885 337 1934 vite
369 1887 456 1933 “Ante
474 1885 563 1942 omnis,
575 1884 680 1932 invisum
697 1884 778 1946 ipsum
796 1884 863 1948 inge·

72 1949 144 1998 nium
155 1957 232 2008 etrox,
240 1965 422 2015 cognomenque
433 1949 564 2012 imperiosi,
579 1964 654 2013 greve
669 1949 751 1997 liberer
763 1947 862 2007 civiteti

72 2013 103 2061 ab
113 2016 270 2064 animatione
281 2015 380 2063 seeoitioe
392 2013 536 2062 adscitum?¹

105 2081 121 2112 ³
138 2077 260 2129 Detracta.
293 2079 324 2127 In
336 2094 403 2130 some
414 2078 465 2126 eorl
494 2076 605 2136 editions,
616 2076 732 2127 detracta.
755 2075 863 2141 Torqnis

72 2144 94 2192 is
105 2142 181 2192 found
192 2143 353 2207 occasionnlly
364 2143 391 2190 in
402 2143 443 2191 the
476 2142 591 2190 eminine.

75 2219 81 2232 ·
105 2209 119 2260 †
135 2209 166 2256 T.
177 2208 230 2257 Lis.
241 2209 281 2257 vii.
293 2208 331 2256 10.

104 2273 116 2324 ss
138 2272 253 2322 Veserim.
284 2271 339 2320 'Phe
348 2286 420 2320 neme
431 2269 462 2318 of
467 2287 483 2318 e
493 2270 563 2330 riser,
575 2272 623 2320 end
634 2271 686 2322 niso
696 2271 725 2321 of
732 2289 748 2321 s
757 2278 824 2322 town
836 2271 862 2320 in

70 2338 215 2400 Campanis,
225 2353 284 2387 near
295 2337 336 2386 the
347 2341 445 2400 present
455 2336 582 2384 Vesuvius.

104 2402 118 2462 i
135 2402 167 2451 In
174 2402 268 2465 filium.
301 2402 393 2452 Whom
404 2401 435 2449 he
446 2401 566 2450 beheeded
577 2400 655 2451 feren
706 2402 711 2414 ‘
731 2400 786 2466 gin
797 2412 862 2448 com-

71 2469 113 2517 bnt
124 2474 238 2533 contrary
249 2475 274 2517 to
285 2468 324 2517 his
335 2468 412 2516 order.
444 2466 475 2515 Τ.
486 2466 540 2515 Lis.
550 2466 600 2516 viii.
609 2468 631 2517 7.
687 2468 726 2515 his
738 2469 860 2524 sentence,

70 2534 120 2583 ond
131 2533 172 2582 the
183 2534 321 2645 preoedipg
332 2533 423 2596 having
434 2547 467 2580 no
482 2531 584 2581 relution
599 2539 625 2582 to
640 2531 681 2579 the
699 2529 799 2591 subject,
818 2541 860 2574 ero

69 2599 226 2662 pronormcsd
237 2598 269 2661 by
304 2597 387 2654 mesti,
397 2603 424 2644 to
434 2597 464 2645 be
475 2597 594 2660 spurious.

323 2722 488 2771 CHAP'PER
504 2718 610 2768 xxxn.

104 2808 115 2863 ΙΙ
133 2801 256 2868 Polybius.
289 2802 342 2850 Lib.
353 2801 384 2850 vi.
395 2802 434 2850 56.
451 2796 677 2850 monastirii.
695 2796 732 2845 18.
764 2797 789 2845 A
807 2809 860 2844 sen-

67 2879 140 2924 ienoe
151 2867 280 2916 remurked
296 2868 381 2924 below,
392 2873 448 2915 note
461 2866 484 2924 4.
495 2881 522 2914 es
539 2862 631 2926 having
647 2861 788 2928 apparently
800 2861 861 2913 boen

439 2934 496 2987 26*
