1970 3278
113 217 170 274 116
398 215 445 264 DE
461 213 614 264 orrtcns.

111 367 140 416 et
164 357 276 435 plenam
299 354 440 434 dignitatis
468 356 601 416 domurn:
636 375 698 430 que
723 374 789 415 cum
814 358 906 436 vulgo

111 437 256 504 viseretur,
271 436 420 512 suffragata
433 436 558 505 domino,
570 456 644 496 novo
657 437 776 503 homini,
788 436 823 494 ad
836 455 907 496 con-

111 516 232 572 sulatum
257 513 412 590 putabaturss
463 516 547 574 Hanc
572 516 711 574 Scaurus*
736 513 903 584 demolitus,

112 595 303 650 accessionem
316 593 442 670 adjunxit
453 595 569 652 edibus.
610 593 706 666 Itaque
718 595 765 651 ille
776 595 806 652 in
819 613 903 652 suam

112 671 227 728 domum
247 673 423 730 consulatum
437 674 544 750 primus
559 673 668 730 attulit:
691 673 738 730 hic
752 675 860 730 summi
875 684 905 730 et

110 749 259 806 clarissimi
274 751 326 808 viri
340 751 425 817 iilius,
437 751 467 810 in
481 751 596 810 domum
607 751 830 826 multiplicatam,
842 770 903 810 non

110 827 252 904 repulsam
265 829 358 888 solum
371 831 473 900 retulit,
485 829 536 888 sed
549 829 734 908 ignominiam
747 839 776 888 ct
789 831 904 888 calami·

111 915 206 964 tatem.

151 983 284 1058 Ornpnda
297 995 341 1044 est
353 986 430 1046 enirn
441 985 560 1064 dignitas
582 985 676 1056 domo,
691 1005 749 1046 non
763 1005 800 1046 ex
814 986 902 1046 domo

110 1071 169 1121 tota
190 1065 352 1136 quaerenda:
374 1085 428 1124 nec
449 1065 534 1124 domo
556 1063 697 1135 dominus,
712 1065 761 1124 sed
784 1065 903 1125 domino

111 1141 213 1200 domus
234 1143 407 1202 honestanda
426 1153 479 1203 est.
518 1145 558 1203 Et
570 1155 602 1202 ut
614 1145 644 1204 in
658 1146 758 1202 ceteris
773 1144 905 1204 habenda

110 1221 182 1280 ratio
203 1240 261 1280 non
283 1242 335 1280 sua
357 1221 459 1292 solum,
474 1221 525 1280 sed
545 1225 630 1282 etiam
648 1224 785 1282 aliorum:
807 1225 851 1281 sic
872 1225 903 1282 in

113 1298 198 1362 domo
218 1301 285 1360 clari
307 1301 441 1370 hominis,
456 1303 486 1359 in
508 1319 593 1374 quam
615 1313 644 1360 et
667 1302 794 1378 hospites
820 1303 903 1360 multi

111 1379 276 1454 recipiendi,
313 1390 341 1438 et
379 1379 549 1438 admittenda
580 1380 729 1439 hominum
763 1381 903 1456 cujusque

112 1457 189 1514 modi
216 1459 374 1526 multitudo,
399 1458 557 1516 adhibenda
583 1477 651 1517 cura
685 1469 729 1517 est
755 1458 905 1522 leuitatis.†

112 1535 202 1594 Aliter
223 1539 315 1614 ampla
337 1538 437 1596 domus
457 1536 587 1595 dedecori
598 1557 674 1614 saepe
689 1537 804 1596 domino
819 1537 861 1603 lit,
877 1537 903 1594 si

111 1625 155 1672 est
177 1617 207 1674 in
229 1635 262 1674 ea
283 1617 414 1684 solitudo,
429 1627 458 1674 et
480 1618 613 1685 maxime,
628 1617 654 1674 si
676 1615 825 1690 aliquando
846 1616 903 1673 alio

111 1691 227 1753 domino
242 1697 324 1756 solita
337 1707 380 1755 est
391 1697 568 1768 frequentari.
608 1695 748 1755 Odiosum
759 1706 802 1752 est
812 1695 902 1762 enirn,

55 1829 58 1836 ,
111 1789 177 1831 curn
191 1793 208 1830 a
221 1777 449 1850 pretereuntibus
464 1775 574 1844 dicitur,
630 1851 633 1857 Ι
694 1773 697 1781 “

110 1926 164 1976 that
179 1927 220 1976 the
236 1929 365 1995 antiquary
376 1930 425 1979 and
440 1929 559 1980 architect
573 1944 615 1978 are
626 1936 651 1980 at
662 1947 677 1979 a
687 1929 736 1978 loss
751 1935 777 1978 tc
793 1928 905 1979 discover

109 1991 174 2104 gip?
193 1993 262 2040 site.”
295 1991 422 2045 Eustace’s
436 1995 505 2044 Tour·
516 1996 623 2061 through
640 1995 712 2060 Italy,
723 1994 812 2044 adedit
824 1995 904 2062 vol-l.

58 2170 61 2178 ,
143 2119 290 2172 *Scaurum
323 2121 359 2173 M.
369 2123 486 2174 AEmilius
499 2125 613 2184 Scaurus,
628 2141 673 2174 son
684 2123 714 2172 of
726 2123 767 2173 the
783 2121 904 2188 Princeps

111 2183 222 2244 Senatus,
233 2188 322 2237 named
338 2189 365 2238 in
380 2191 421 2240 the
432 2190 480 2239 ‘md
492 2193 561 2255 chap.
594 2191 691 2255 During
702 2189 741 2238 hia
752 2204 855 2240 canvass
866 2191 904 2238 t'or

111 2250 152 2298 the
164 2252 294 2312 consulate,
306 2260 355 2303 two
366 2256 517 2306 accusatione
526 2273 590 2307 were
601 2256 723 2320 preferred
734 2256 833 2320 against
843 2255 906 2315 him,

111 2331 157 2364 one
174 2315 211 2364 for
222 2319 357 2384 accepting,
368 2322 409 2370 the
425 2322 494 2370 other
510 2323 547 2372 for
558 2323 651 2388 giving,
662 2321 749 2370 bribes.
781 2321 822 2369 On
833 2321 905 2380 each,

110 2379 197 2444 Cicerp
213 2385 282 2432 acted
298 2401 325 2433 aa
341 2386 380 2434 his
396 2387 517 2440 advocate.
548 2387 651 2436 Neither
667 2387 697 2436 of
711 2386 779 2434 these
795 2387 906 2435 orations

111 2448 155 2496 hes
174 2447 235 2496 been
253 2452 385 2512 preserved.
418 2450 472 2500 The
488 2452 582 2518 pulling
598 2454 671 2502 down
688 2451 737 2500 this
754 2451 838 2510 house,
855 2452 906 2500 and

111 2513 152 2562 the
169 2513 346 2578 magnificenee
362 2516 393 2564 of
402 2516 441 2564 his
457 2533 521 2576 own,
532 2535 598 2566 seem
615 2524 641 2567 to
657 2518 718 2566 have
734 2517 795 2565 been
811 2530 906 2582 among

111 2579 152 2627 the
166 2577 357 2630 circumstances
367 2581 449 2629 which
465 2597 526 2646 gave
541 2583 635 2632 offence
650 2589 676 2631 to
691 2581 733 2630 the
743 2583 808 2631 molt
842 2581 907 2631 Vide

112 2643 174 2690 Plin·
185 2646 264 2693 xxxvi.
276 2647 313 2694 15.
345 2646 400 2695 'I'he
416 2647 469 2695 first
484 2647 672 2708 accusationes
684 2647 794 2710 personal
806 2661 907 2710 corrup

112 2707 172 2762 tion,
180 2723 231 2757 was
243 2717 285 2759 not
293 2712 445 2770 established,
456 2714 499 2760 but
507 2711 559 2761 that
567 2712 597 2761 of
603 2713 689 2778 giving
698 2712 777 2760 bribes
786 2711 907 2777 probably

111 2783 175 2824 wast
191 2775 239 2821 and
255 2775 286 2824 be
302 2777 375 2827 failed
385 2777 412 2826 in
423 2777 462 2825 bis
477 2783 579 2839 attempt
589 2784 614 2826 to
624 2777 707 2826 obtain
717 2777 759 2826 the
769 2777 908 2826 considete.

119 2832 158 2894 '‘lp-
170 2835 207 2882 ud.
219 2839 293 2889 Attin
304 2842 335 2890 iv.
345 2841 382 2891 16.
391 2843 422 2890 ad
433 2841 464 2898 Q.
476 2841 553 2890 Fratr.
565 2841 633 2890 itta.

137 2898 156 2974 ,l
172 2893 312 2954 Lunum.-
330 2921 385 2955 aare
397 2914 463 2956 maor
474 2905 500 2955 te
513 2907 583 2956 tamn
595 2907 646 2954 atas
655 2907 676 2954 tr
686 2903 714 2953 te
724 2905 848 2969 ιμιιοω.

967 2641 969 2684 i
