1970 3278
144 218 200 274 11⁰
392 170 396 178 ”
422 210 470 259 us
489 206 635 259 osricus

141 355 253 418 Formas
266 361 359 413 autem
367 350 497 429 dignitas,
509 351 612 410 coloris
622 350 745 410 bonitate
761 350 868 410 tuenda
879 361 935 421 ese

142 437 220 495 color
230 431 474 491 exercitationibus
486 430 624 506 corporis.
651 429 821 488 Adhibenda
833 443 934 508 praete·

141 533 189 574 rea
203 511 339 572 munditia
349 519 459 568 estnon
470 510 569 570 odiosa
579 527 670 582 neque
681 509 824 581 exquisita
834 511 932 576 nimis,

142 588 249 652 tantum
266 607 328 663 quaa
349 589 436 666 fugiat
449 600 586 667 agrestem
601 600 629 644 at
642 588 824 646 inhumanam
845 590 933 666 negli-

142 670 273 748 gentiam.
286 667 396 726 Eadem
408 669 478 726 ratio
486 680 530 726 est
540 666 667 725 habenda
676 667 809 735 vestitus3
821 669 852 724 in
865 687 932 740 quo,

142 750 216 807 sicut
228 748 256 804 in
272 748 413 823 plerisque
427 749 520 814 rebus,
537 745 713 804 rnediocritas
727 746 837 820 optima
851 759 905 804 est.

182 825 347 884 Cavendum
363 837 456 884 autam
468 837 521 893 est,
531 841 566 882 ne
579 835 626 881 aut
636 823 809 882 tarditatibus
821 836 934 884 utamur

142 906 173 965 in
195 906 324 982 ingressu
345 905 534 972 mollioribus,
557 912 588 961 ut
607 921 775 979 pomparum
800 903 933 962 sarculis*

142 984 251 1042 similes
265 1001 329 1042 esse
343 982 502 1050 videamur,
524 990 572 1040 aut
584 981 614 1039 ia
628 979 855 1040 festinationibus
874 1001 933 1040 sus·

143 1063 281 1139 cipiamus
295 1061 397 1120 nimias
412 1061 583 1118 celeritates:
605 1078 667 1132 quas
679 1077 743 1117 cum
755 1060 838 1128 fiunt,
848 1063 933 1120 anbe-

141 1141 208 1200 litus
228 1149 385 1208 morentur,
403 1140 496 1198 vultus
517 1147 668 1205 mutantur,
683 1156 732 1196 ora
747 1147 931 1211 torquentur,

143 1237 180 1278 ex
204 1220 306 1292 quibus
319 1235 421 1294 magna
434 1217 602 1295 significatio
616 1215 657 1284 fit,
672 1235 731 1274 non
750 1216 852 1276 adesse
867 1238 934 1278 con·

142 1299 283 1356 euntium.
324 1295 382 1355 Sed
402 1297 493 1368 multo
516 1297 601 1354 etism
622 1296 712 1372 magis
732 1295 932 1356 elaborandum

142 1385 196 1444 est,
211 1395 247 1436 ne
262 1375 348 1434 animi
362 1386 455 1434 motus
470 1383 593 1433 enatura
602 1373 747 1432 recedant:
769 1375 847 1447 qaod
858 1396 933 1434 asse·

143 1474 271 1530 quemur,
286 1455 312 1512 si
325 1455 497 1522 cavebimus,
511 1471 547 1511 ne
561 1453 591 1510 iu
606 1453 828 1528 perturbationes
850 1466 933 1529 atque

142 1533 365 1612 exanimationes
379 1532 546 1600 incidamus,
561 1541 589 1588 et
602 1532 627 1588 si
642 1541 759 1589 attentos
774 1533 887 1591 animos
899 1534 933 1592 ad

143 1613 253 1673 decoris
267 1613 507 1672 conservationem
520 1611 686 1669 tenebimus.
727 1611 933 1672 Motusautem
974 1601 975 1619 ¹

143 1695 300 1752 animorum
321 1692 447 1770 duplices
462 1700 537 1758 sunt,
551 1689 629 1747 alteri
643 1688 831 1766 cogitationis,
854 1693 933 1750 alteri
973 1753 974 1764 ,

143 1775 294 1848 appetitus.
334 1771 475 1847 Cogitatio
496 1771 605 1839 insero
620 1767 793 1840 exquirendo
808 1773 933 1830 maxime
973 1799 974 1806 ¹

142 1862 283 1908 versatur:
305 1851 444 1925 appetitus
459 1847 580 1923 impellit
593 1847 628 1904 ad
642 1847 790 1923 agendum.
825 1847 934 1908 Curan-

144 1926 211 1986 durn
221 1939 265 1985 est
275 1928 369 2003 igitur,
382 1937 412 1984 ut
422 1926 589 2002 cogitatione
603 1925 637 1982 ad
651 1945 696 1984 res
711 1944 794 1999 quam
810 1929 934 2003 optimas

143 2015 264 2073 ummur,
275 2005 429 2082 appetitum
441 2003 541 2062 rationi
554 2003 731 2063 obedientem
746 2005 937 2082 praebeamus.

144 2176 235 2237 GAP.
251 2175 407 2238 XXXVII.
428 2175 475 2269 Ile
498 2183 561 2236 orte
576 2177 804 2256 pronuntiandi,
821 2185 889 2239 tum
901 2180 937 2240 in

340 2263 521 2316 contenttona
534 2265 598 2316 tum
611 2257 644 2316 in
658 2273 800 2317 sermone.

181 2399 230 2459 Er
243 2398 375 2474 quoniam
391 2418 494 2478 magna
506 2399 549 2458 vis
564 2400 697 2461 orationis
713 2409 766 2470 est,
781 2419 875 2475 eaque
887 2402 937 2462 du-

391 2555 556 2606 onua‘ruu
570 2555 686 2632 xxxvi.
751 2601 753 2606 a

143 2719 150 2731 ·
174 2652 321 2732 *Farsalia
353 2653 405 2704 “In
418 2655 506 2745 quibps
525 2671 595 2704 sacra
608 2661 633 2704 et
647 2655 941 2714 simulacra,lentissimo
968 2665 969 2696 l

142 2719 633 2848 mmuffdlricluxdfddledtdldminissldiat'dllli:
649 2800 713 2847 saepe
722 2783 854 2849 velutqui,
967 2777 969 2916 s

262 2850 387 2910 currebat,
397 2851 494 2918 &aas
505 2849 614 2908 norunt
629 2864 736 2914 ΡΘΜΡθ
746 2851 814 2901 velut
824 2855 872 2918 qui

261 2913 366 2965 sunonis
377 2931 447 2966 sams
457 2915 552 2966 serrat-'¹

678 2977 776 3028 Horra.
785 2979 840 3031 Sat.
852 2985 871 3034 i.
884 2987 910 3036 3,
