1978 3268
337 211 404 260 LIB‘.
416 211 462 260 111.
482 207 617 262 osmxt.
820 211 878 266 243

88 353 187 414 silium
195 353 235 414 rei
250 351 368 432 publice
382 353 512 421 salutare,
524 351 575 412 ssd
589 351 618 411 id
631 349 726 421 sciri*
736 368 793 410 non
805 369 877 428 opus

87 433 180 496 esse.†
218 434 385 499 Postulavit,
399 443 431 492 ut
441 434 565 504 aliquem
579 432 701 508 populus
713 429 803 497 daret,
818 429 879 502 qui·

88 529 155 570 cum
170 511 400 572 communicaret.
442 509 533 567 Datus
552 521 596 566 est
609 509 758 568 Aristides.
800 507 878 566 Huic

87 589 146 658 ille,
174 591 295 648 classem
331 586 619 654 Lacedemoniorum,
647 607 709 660 que
743 586 880 646 subducta

87 680 165 726 esset
194 668 229 726 ad
257 667 433 743 Gytheum,‡
459 665 532 722 clam
556 664 667 744 incendi
692 685 777 742 posse
790 686 803 745 ς,
820 683 878 738 quo

86 746 172 815 facto,
187 746 276 822 frangi
291 743 569 802 [lacedemoniorum
580 761 649 819 opes
662 762 777 802 necesse
789 753 875 803 esset.

86 824 174 890 Quod
188 823 325 882 Aristides
337 841 402 882 cum
413 821 546 889 audisset,
558 821 587 878 in
599 822 764 880 concionem
775 842 879 900 magna

83 903 281 978 expectatione
301 902 386 969 venit,
402 901 539 974 dixitque,
561 902 679 976 perutile
699 919 763 959 esse
783 903 876 960 consi·

85 981 170 1048 lium,
185 979 259 1054 qnod
274 981 483 1038 Themistocles
494 978 617 1048 afferret,
632 979 683 1038 sed
696 979 813 1038 minime
827 980 878 1039 ho·

84 1069 209 1118 nestum.
248 1057 344 1133 ltaque
359 1059 557 1125 Athenienses,
570 1059 645 1131 quod
657 1059 807 1117 honestum
818 1077 876 1117 non

84 1147 172 1205 esset,
192 1137 222 1196 id
241 1157 277 1196 ne
301 1139 368 1196 utile
389 1137 502 1210 quidem
525 1146 876 1213 putavemnt:.totamque

85 1233 150 1274 eam
163 1235 233 1284 rem,
246 1235 330 1288 quam
341 1233 377 1273 ne
388 1215 532 1272 audierant
542 1215 666 1287 quidem,
676 1225 788 1274 anctore
799 1216 878 1274 Aris·

83 1295 153 1361 cide,
182 1295 406 1371 repudiaverunt.
447 1293 553 1350 Melius
574 1293 615 1359 hi,
636 1311 720 1363 qnam
741 1311 804 1361 nos,
826 1294 876 1368 qui

83 1373 205 1450 piratas§
221 1374 372 1439 immunes,
387 1370 481 1429 socios
497 1371 675 1446 vestig-alesti
691 1371 837 1431 habemus.

118 1563 133 1595 θ
150 1559 223 1610 Seiri.
256 1557 370 1626 Publt'ely
380 1559 472 1609 lumem

117 1625 131 1679 'r
143 1623 199 1674 Noc
207 1640 265 1690 opus
273 1640 331 1673 esse.
354 1626 484 1691 As'Epyw
492 1623 548 1675 leel
557 1625 584 1674 in
595 1624 685 1684 Greek,
692 1643 719 1675 so
729 1641 788 1692 opus
800 1632 877 1688 ector

83 1706 168 1740 -ssors
179 1695 214 1740 cst
226 1691 252 1738 in
263 1689 345 1748 Latin,
353 1690 374 1738 is
386 1691 513 1754 employed
521 1691 646 1756 tosignify
653 1691 742 1754 utility,
750 1708 777 1740 or
786 1691 877 1758 injury.

86 1757 125 1806 De
136 1757 179 1805 Or.
191 1756 217 1804 ii.
229 1755 267 1808 73.
299 1754 395 1812 “Quod
406 1771 456 1804 non
467 1756 546 1804 solum
557 1755 621 1818 quod
632 1771 692 1818 opus
702 1763 766 1806 esset
776 1757 877 1818 diceres,

84 1821 212 1870 sedetiam
223 1820 287 1885 quod
298 1835 348 1872 non
358 1836 420 1883 opus
430 1827 501 1880 esset,
510 1837 560 1870 non
571 1821 687 1870 dioeres.''
721 1819 780 1871 Lael.
791 1821 838 1872 xiv.
853 1824 877 1872 9.

85 1886 141 1936 The
152 1885 269 1950 meaning
280 1884 310 1934 os
317 1884 501 1945 Themistocles,
512 1885 539 1933 in
550 1885 599 1934 this
611 1886 728 1946 instance,
739 1886 769 1946 is,
780 1887 833 1936 thet
843 1888 859 1935 b

86 1951 215 2017 divulging
230 1951 271 2000 the
289 1951 394 2010 scheme,
410 1950 441 1999 its
457 1949 585 2000 execution
601 1951 682 2016 might
699 1953 728 2000 be
739 1903 877 2015 presented.

86 2015 150 2064 Plut.
162 2015 188 2066 in
199 2013 316 2074 Aristide,
327 2021 352 2064 et
363 2015 535 2066 Themistocle.
562 2015 642 2065 Valer.
655 2016 722 2066 Max.
732 2017 764 2067 vi.
773 2019 796 2066 5.

117 2075 128 2134 i
147 2081 273 2146 Gytheum.
305 2081 431 2140 relicum
443 2082 542 2132 rdluor.
576 2081 639 2130 This
650 2082 750 2142 wssthe
761 2082 875 2133 Lacede-

85 2146 185 2222 morian
197 2153 257 2210 port.
280 2145 333 2196 niv.
342 2146 476 2224 xxxia-3&
493 2154 518 2196 st
529 2147 570 2196 the
586 2147 703 2224 distance,
714 2165 741 2198 as
758 2149 875 2215 Polybius

85 2211 522 2335 fflhs'l’lliddtvdsw'dddossiddtdllhihhxd
527 2212 693 2326 ttddthlltlhsion
705 2251 792 2328 ishere
801 2278 874 2328 mede

84 2347 110 2390 to
128 2357 195 2390 some
206 2357 306 2404 persons
318 2342 347 2390 of
359 2343 408 2392 this
425 2343 572 2406 description
589 2359 620 2392 on
636 2343 678 2394 the
694 2351 761 2394 coest
771 2343 802 2392 os
811 2343 874 2392 Asia

85 2405 175 2464 Minor,
186 2407 268 2455 whom
279 2406 388 2472 Pompey
399 2408 447 2456 hed
463 2409 574 2457 removed
585 2408 637 2457 into
653 2409 693 2457 the
710 2405 874 2458 interiores.

84 2469 120 2520 M.
131 2471 272 2536 Heusinger
288 2471 366 2536 justly
378 2472 502 2521 conceives
513 2474 567 2522 that
581 2473 668 2522 Cicero
678 2473 759 2522 would
774 2477 818 2519 not
829 2485 873 2522 un·

83 2535 231 2599 necessarily
242 2536 299 2584 thus
317 2537 409 2600 impute
420 2537 499 2585 blame
510 2544 536 2587 to
547 2553 578 2586 an
607 2544 647 2586 aot
657 2536 687 2586 of
698 2536 746 2584 this
758 2533 873 2599 generel;
975 2579 976 2582 ,

83 2602 131 2649 und
142 2600 196 2649 that
206 2600 232 2648 in
244 2601 292 2648 this
303 2617 406 2666 passage
414 2602 445 2650 he
456 2617 523 2650 more
534 2554 596 2664 prod

594 2602 649 2664 ably
660 2600 704 2648 hes
716 2600 742 2646 in
757 2598 819 2647 view
831 2597 872 2647 the
975 2619 976 2666 3

82 2665 182 2732 general
199 2664 289 2714 lirense
307 2665 500 2730 accompsnying
512 2667 552 2714 the
563 2669 646 2712 recent
657 2663 713 2710 civil
730 2677 789 2722 war,
800 2661 872 2712 when
975 2677 976 2730 j

82 2731 176 2780 similer
192 2730 281 2778 crimes
297 2731 413 2794 probebly
432 2745 497 2780 were
513 2731 624 2792 frequent
643 2726 691 2774 and
710 2726 796 2788 passed
812 2728 873 2777 with
932 2783 935 2798 .

83 2800 291 2926 1¹11lupullfldaytigoles.
323 2859 378 2910 The
395 2855 523 2908 adherente
539 2855 569 2904 of
579 2851 696 2918 Pompey,
711 2851 827 2921 formerly
842 2855 871 2932 in
