1978 3268
130 185 188 240 200
387 171 454 232 'uu
472 184 623 232 ouutcus.

133 385 232 478 CAP.¹
245 418 339 477 XXV.
375 416 445 477 Non
467 435 551 477 omne
566 419 749 496 promissum
774 437 835 480 etse
857 439 921 479 uer·

171 497 310 565 vandum,
322 513 413 574 neque
427 496 590 576 depositum
603 515 714 576 semper
730 498 919 558 reddendum

170 593 237 633 eote.

169 705 213 762 Ac
227 723 262 762 ne
284 705 331 764 illa
352 705 465 779 quidem
487 703 628 780 promissa
648 705 812 763 servandam
834 715 915 772 sunt.

132 799 193 873 quae
208 803 264 873 uon
286 794 355 846 eunt
374 787 409 842 iis
432 784 502 860 ipsis
517 784 604 850 utilia,
621 784 722 856 quibus
743 782 825 862 [iila]
851 803 920 861 pro·

133 879 228 919 misen
246 905 253 919 .

229 881 243 920 ⁵
366 955 580 1014 801Pha‘ot0nti
597 956 667 1026 filio,

133 1093 164 1142 ut
176 1083 321 1144 redeamus
334 1080 369 1138 ad
382 1080 501 1150 fabulas,

132 1203 281 1272 Fadturum
295 1231 326 1271 se
340 1211 411 1270 dixit
424 1229 497 1279 este,
510 1211 644 1286 quidquid
655 1214 795 1290 optasset*
813 1211 914 1291 [eibi]

133 1291 174 1349 Ut
186 1309 267 1349 ourru
281 1291 376 1369 patri’†
389 1290 537 1357 tolleretur,
549 1291 664 1366 optavit.
703 1291 836 1352 Sublatus
852 1303 904 1349 est.

132 1370 224 1444 Atque
249 1371 273 1428 is
297 1389 340 1439 ea,
360 1372 430 1446 quass
449 1369 581 1436 constitit,
602 1369 659 1427 iotu
680 1368 842 1448 deflagravit
862 1369 914 1428 ful·

213 1467 310 1508 minis.
353 1503 360 1536 ,

135 1579 245 1645 Quanto
267 1576 367 1635 melius
389 1575 486 1644 suerat,
507 1576 537 1634 in
558 1575 614 1634 hoe
635 1576 806 1652 promissum
827 1576 914 1652 patris

133 1674 268 1714 nonense
283 1655 443 1714 servatum?
473 1654 558 1720 Quid,
573 1653 649 1726 quod
669 1655 800 1712 Theseus
820 1656 915 1731 exegit

134 1736 304 1810 promissum
318 1753 334 1790 a
348 1733 505 1809 Neptuno?
527 1732 583 1789 Cui
597 1751 668 1790 eum‘
679 1743 732 1790 tres
754 1734 911 1808 optationes

135 1813 284 1888 Neptunus
305 1811 438 1878 dedisset,
463 1811 569 1886 optavit
596 1811 738 1868 interitum
759 1811 913 1888 Hippolyti

135 1889 195 1959 filii,
208 1909 272 1949 oum
286 1891 310 1950 is
322 1891 391 1969 patri
403 1899 550 1966 siuspectuo
562 1899 638 1948 esset
650 1888 685 1946 de
696 1907 817 1948 noverca
829 1909 836 1947 :
859 1907 915 1963 quo

388 2077 643 2130 cltAP'ruRtuuV.

163 2206 314 2270 *Optasset
345 2207 384 2256 'I'o
401 2209 517 2272 complete
533 2208 575 2258 the
591 2223 666 2266 verse,
676 2206 723 2258 etti
734 2209 755 2257 is
766 2207 871 2260 inserted
882 2209 914 2273 by

135 2271 158 2322 J.
167 2271 195 2320 F.
207 2273 362 2337 Heusinger3
378 2272 429 2321 itis
441 2275 556 2322 admitted
568 2274 671 2324 without
682 2273 811 2337 authority.

166 2336 275 2389 iPutn'.
314 2337 380 2384 Here
395 2337 417 2384 is
435 2354 467 2385 un
484 2339 569 2386 elision
589 2339 619 2386 of
636 2339 677 2386 the
694 2338 752 2386 fine]
768 2343 914 2395 consonant;

135 2401 216 2450 which
235 2417 272 2450 we
291 2401 358 2449 leuru
375 2401 437 2449 from
454 2401 591 2458 Quintilian
602 2403 634 2450 ix.
645 2403 667 2451 4.
678 2402 716 2454 ³9,
728 2419 779 2451 wes
796 2403 914 2466 pruotisod

56 2481 59 2486 ’
135 2465 255 2530 unoiently
267 2465 294 2514 in
304 2466 407 2530 uhtiug,
419 2483 446 2514 uo
456 2467 511 2514 weil
522 2483 549 2514 ne
560 2466 586 2514 in
594 2467 785 2528 pronunciation.

167 2531 178 2583 i
194 2531 233 2582 Ea
245 2547 298 2596 quo.
329 2531 432 2580 Varioun
451 2531 563 2596 readings
583 2547 624 2578 ure
641 2533 698 2580 here
713 2531 803 2590 found;
819 2531 866 2580 and
882 2531 913 2580 att

135 2593 262 2644 doubtful:
285 2599 387 2644 ineauoe
409 2603 535 2658 antequam
551 2597 663 2644 comunt.
696 2596 774 2660 Atque
796 2599 827 2654 io,
849 2603 913 2644 ante-

135 2673 206 2722 quem
222 2663 342 2710 constitit:
358 2661 439 2710 which
456 2659 582 2710 Gemhard
598 2661 688 2722 adopts.
721 2661 800 2724 Atque
811 2662 913 2710 insanus

135 2737 189 2782 qua.
221 2723 260 2772 Eu
273 2742 326 2788 qua,
337 2725 361 2773 J.
372 2725 400 2774 F.
411 2724 694 2788 Heusingerjnterprets,
706 2741 732 2773 uu
743 2725 878 2788 equivalent
888 2734 913 2774 to

135 2783 169 2830 ibi
186 2787 243 2843 ubi;
259 2791 380 2855 adduoing
397 2791 518 2838 instnuoes
533 2786 564 2836 of
576 2788 616 2836 the
636 2805 679 2839 uue
695 2789 725 2839 of
739 2805 793 2852 quia,
809 2788 846 2838 for
865 2791 912 2850 ubi,

136 2845 213 2896 Pleut
225 2849 291 2902 Men.
303 2854 327 2902 ii.
337 2853 361 2902 1.
373 2854 409 2903 12.
424 2855 491 2903 Curt.
501 2852 541 2901 vii.
553 2852 575 2901 4.
587 2853 625 2902 30.
