1978 3268
138 241 194 296 304
440 237 488 285 na
506 233 659 284 ormena.

140 401 204 440 cum
228 382 308 440 hoste
333 379 488 436 devincitur
504 375 603 446 ¹lides;
625 374 749 434 indicant
775 373 933 430 notiones*

141 458 450 528 animadversionesque
476 473 635 520 censorum,
660 454 708 526 qui
735 453 811 509 nulla
831 451 871 508 de
901 471 932 508 re

140 538 310 614 diligentius,
325 554 409 606 quam
424 536 458 592 de
472 536 536 611 jure
547 532 678 608 jurando,
690 531 866 606 judicabant.

181 616 214 672 L.
228 614 346 680 Manlio,
358 615 393 672 A.
405 615 438 672 F.
453 631 517 670 cum
533 612 649 668 dictator
661 611 771 675 fuisset,
787 609 829 665 M.
841 609 933 665 Pom·

142 693 244 770 penius
258 693 384 749 tribunus
399 693 488 767 plebis
507 691 580 746 diem
596 689 675 754 dixit,
691 687 767 759 quod
781 687 805 743 is
820 705 932 762 paucos

142 771 196 828 sibi
210 769 270 827 dies
285 769 318 828 ad
333 769 495 827 dictaturam
503 767 658 844 'gerendam
674 765 836 822 addidisset.
866 763 933 821 Ori·

141 849 297 906 minabatur
305 849 398 912 etiam‚
409 847 483 918 quod
493 847 592 902 Titum
604 845 704 911 filium,
714 845 763 916 qui
775 855 877 919 postea
888 851 932 899 est

115 951 118 958 ¹
142 927 302 998 Torquatus
323 926 487 1000 appellatus,
503 925 537 980 ab
558 923 720 980 hominibus
735 924 891 997 relegasset
904 931 933 977 et

141 1006 198 1064 ruri
212 1005 333 1062 habitare
343 1003 485 1078 jussisset.
519 1001 602 1066 Quod
617 1019 682 1057 cum
697 1001 852 1058 audivisset
866 999 931 1056 ado·

141 1083 252 1140 leseeus
266 1081 350 1147 filius,
366 1080 509 1155 negotium
523 1079 651 1136 exhiberi
665 1081 751 1154 patri:
774 1077 931 1136 accurrisse

142 1160 264 1218 Romam
277 1167 305 1214 et
325 1177 388 1216 cum
404 1158 494 1233 prima
507 1158 569 1214 luce
585 1157 736 1233 Pomponii
751 1157 869 1214 domum
886 1175 931 1214 ve-
975 1213 976 1224 ,

141 1237 219 1296 nisse
230 1236 339 1295 dicitur.
371 1235 428 1294 Cui
440 1252 505 1294 oum
516 1245 592 1295 esset
605 1237 771 1301 nuntiatum,
784 1237 834 1307 qui
848 1236 929 1292 illum

142 1315 241 1374 iratum
256 1315 402 1374 allaturum
414 1315 446 1372 ad
462 1333 492 1372 se
507 1314 613 1387 aliquid
626 1325 723 1372 contra
736 1325 845 1390 patrem
860 1313 930 1371 arbi·

143 1403 267 1459 traretur,
282 1394 403 1451 surrexit
416 1412 431 1450 e
446 1394 557 1460 lectulo,
573 1393 743 1464 remotisque
759 1393 880 1460 arbitris,
896 1391 929 1448 ad

145 1491 176 1530 ss
191 1472 395 1530 adolescentem
412 1472 499 1548 jussit
512 1471 616 1529 venire.
656 1471 694 1527 At
707 1471 764 1538 ille,
779 1482 811 1528 ut
824 1471 919 1546 ingres

144 1569 192 1610 sus
207 1561 259 1618 est,
274 1551 423 1608 confestim
443 1549 566 1624 gladium
581 1549 738 1615 destrinxit,
756 1550 929 1626 juravitque,

144 1629 270 1687 seillam
290 1631 382 1688 statim
403 1629 621 1694 interfecturum,
637 1628 694 1684 nisi
710 1629 758 1703 jus
775 1627 929 1703 jurandum

146 1707 280 1774 dedisset,
294 1726 326 1764 se
341 1718 447 1783 patrem
468 1707 587 1764 missum
608 1724 672 1762 esse
693 1705 840 1762 facturum.
881 1705 930 1762 Ju-

144 1786 215 1843 ravit
236 1785 300 1853 hoc,
323 1794 435 1842 coactus
461 1794 574 1851 terrore,
598 1784 792 1859 Pomponius:
814 1783 929 1840 remed

145 1863 281 1940 populum
295 1863 409 1922 detulit:
432 1862 535 1930 docuit,
551 1881 600 1918 cur
614 1863 668 1918 sibi
682 1880 782 1918 caussa
795 1861 929 1920 desistere

145 1959 262 2000 necesse
277 1952 369 1998 esset:
393 1941 532 1998 Manlium
554 1941 674 1997 missum
690 1941 764 1997 feeit·
805 1941 928 1998 Tamum

145 2021 316 2096 ternporibus
337 2020 395 2078 illis
423 2019 471 2095 jus
489 2018 641 2095 jurandum
666 2018 799 2080 valebat.†
840 2020 929 2091 Atque

143 2173 222 2236 utqui
233 2174 347 2223 adversus
361 2191 403 2222 eas
412 2173 503 2232 fecerit,
514 2191 582 2224 sacer
593 2173 667 2224 alicui
679 2173 732 2223 Deo
743 2173 782 2233 sit,
794 2190 852 2222 cum
863 2173 929 2222 fami·

143 2239 177 2288 lia
187 2244 212 2287 et
223 2238 331 2300 pecunia
365 2239 404 2286 Ita
415 2237 526 2288 Festusr’
559 2239 630 2288 Face.

176 2305 190 2337 '²
203 2301 322 2350 Nationes
355 2303 451 2351 Several
462 2305 529 2368 early
540 2305 651 2362 editions,
668 2302 824 2366 particularly
834 2303 874 2350 the
885 2303 927 2350 Ve

144 2367 227 2417 aelian
235 2366 265 2414 of
271 2365 339 2424 1498,
351 2367 411 2416 have
420 2370 559 2417 notationes.
592 2370 640 2417 But
649 2369 689 2417 the
699 2373 796 2430 present
802 2367 929 2432 readingis

144 2431 259 2498 probably
279 2439 377 2479 correct.
410 2431 464 2478 The
485 2434 604 2482 censoria]
624 2449 705 2494 power
723 2449 774 2482 was
794 2433 928 2496 suppletory

144 2502 170 2547 to
181 2499 221 2546 tlre
233 2495 348 2546 defective
356 2496 543 2572 jurisprudence
555 2499 584 2546 of
596 2499 690 2546 Rome:
708 2514 808 2574 persons
819 2497 874 2546 who
884 2498 929 2546 had

143 2562 930 2740 {egbald}stilti,tffildtlltttttt‘tmdlltt

214 2707 328 2740 ecensor.

160 2707 189 2805 y†
210 2755 445 2804 Tamum-volebat.
477 2753 517 2803 No
529 2771 628 2805 reasons
639 2773 680 2805 are
691 2758 749 2806 here
760 2759 839 2806 stated
850 2757 904 2822 why
916 2775 929 2808 a

145 2819 292 2883 promissory
301 2821 365 2878 cath,
373 2821 398 2870 oi
409 2828 432 2869 et
442 2827 507 2868 metu
516 2828 642 2880 estonum,
650 2828 676 2870 to
685 2840 699 2871 a
708 2823 792 2884 pirate,
801 2821 824 2869 is
833 2823 929 2880 invalid;

145 2879 188 2928 but
204 2883 274 2940 valid,
291 2883 315 2930 if
326 2885 398 2948 given
418 2892 443 2934 to
460 2901 493 2933 an
512 2887 626 2936 assassin.
658 2886 689 2935 T.
709 2887 820 2936 Manlius
840 2905 888 2936 was
904 2906 929 2937 as

144 2944 218 2992 much
229 2961 261 2993 au
272 2963 401 3010 aggressor
409 2966 437 2998 as
447 2950 489 2998 tho
500 2950 590 3013 pirate;
602 2953 649 3001 and
661 2952 702 3001 the
713 2952 770 3000 cath
781 2951 888 3016 imposed
899 2954 929 3017 by
975 2971 976 2980 ¹
