1970 3272
135 183 190 236 154
422 185 470 234 ΒΕ
488 185 641 234 clemens.

134 333 182 380 ma
191 326 297 384 scelera
305 336 459 385 metuentes
472 346 481 393 ς
501 345 561 386 rem
576 345 642 384 vcro
656 326 797 403 publicam
806 327 920 402 penitus

133 405 289 462 omisimus.
330 405 422 478 Atque
436 407 466 463 in
479 405 531 463 has
551 405 643 463 clades
664 404 815 462 incidimus
830 403 922 482 (redc-

133 482 239 540 undum
250 492 294 539 est
306 485 382 541 enim
394 484 427 541 ad
442 483 630 562 propositum)
642 485 709 541 dum
722 483 820 550 metui,
833 501 918 556 quam

133 560 189 615 cari
203 579 267 617 esse
281 572 309 618 ct
322 561 402 640 diligi
416 564 577 621 maluimus.
617 563 687 629 Quae
701 563 727 618 si
741 561 848 638 populo
862 562 921 620 Ro-

131 655 215 695 mano
235 639 339 714 injuste
360 643 509 718 imperanti
530 642 656 699 accidere
677 650 835 717 potuerunt,
851 639 921 712 quid

132 713 233 774 debent
248 723 361 792 putare*
375 721 503 796 singuli?
535 721 632 786 Quom
652 738 717 777 cum
735 719 919 794 perspicuum

130 792 177 860 sit,
191 796 393 858 benevolentior
407 801 465 856 vim
486 817 549 856 esse
569 817 710 874 magnam,
725 809 816 854 metus
831 798 920 854 imbe-

130 871 223 931 cillam
236 894 245 942 ς
266 879 392 948 sequitur
405 890 436 935 ut
448 878 629 943 disseramus,
645 878 746 948 quibus
757 877 840 932 rebus
853 895 919 950 pos-

130 949 220 1009 simus
236 953 365 1013 facillime
379 975 452 1024 cam,
467 975 551 1028 quam
563 955 704 1023 volumus,
719 952 837 1030 adipisci
851 973 918 1012 cum

130 1027 238 1089 honore
252 1043 280 1088 et
292 1034 348 1091 fide
362 1035 513 1092 caritatem.

170 1109 228 1169 Sed
241 1129 275 1167 ea
295 1131 352 1169 non
373 1113 475 1188 pariter
494 1131 593 1170 omnes
614 1131 741 1188 egemus.
783 1111 860 1168 Nam
883 1111 918 1168 ad

130 1188 268 1263 cujusque
293 1191 378 1248 vitam
398 1192 552 1250 institutam
573 1189 843 1248 accommodandum
863 1200 918 1257 est,

129 1286 147 1324 a
159 1268 291 1326 multisne
306 1288 378 1345 opus
392 1271 438 1337 sit,
450 1291 486 1328 an
500 1271 567 1328 satis
581 1290 598 1326 a
611 1271 708 1346 paucis
723 1269 811 1344 diligi.
847 1267 919 1325 Ger·

129 1355 188 1404 tum
209 1347 293 1424 igitur
313 1348 369 1405 hoc
389 1349 434 1415 sit,
449 1349 533 1422 idque
553 1359 582 1406 et
601 1349 723 1424 primum
744 1359 772 1404 et
792 1348 918 1405 maxime

129 1425 331 1494 necessarium,
347 1426 545 1486 familiaritates
560 1428 663 1484 habere
677 1425 747 1484 fides
762 1425 917 1483 amantium

129 1521 182 1562 nos
204 1505 368 1573 amicomm‚
383 1515 411 1562 ct
430 1518 525 1564 nostra
542 1507 711 1565 mirantium.
753 1504 825 1561 Haec
839 1505 918 1561 enim

129 1592 174 1642 est
186 1603 243 1643 una
256 1603 300 1642 res
314 1603 439 1661 prorsus,
453 1590 500 1660 utss
518 1605 575 1642 non
587 1585 705 1643 multum
720 1582 829 1640 differat
842 1583 919 1640 inter

128 1679 256 1720 summos
277 1675 306 1720 et
324 1663 480 1722 mediocres
501 1665 596 1732 viros;
618 1681 706 1734 eaque
725 1661 851 1730 utrisque
872 1671 920 1718 est

128 1758 217 1817 prope
244 1742 360 1800 modum
380 1742 575 1820 comparanda.
614 1740 741 1803 Honore,
766 1747 795 1793 et
814 1737 918 1810 gloria,

128 1829 158 1876 et
170 1821 365 1878 benevolentia
382 1821 487 1878 civium
506 1820 621 1877 sortasse
641 1833 698 1873 non
720 1833 798 1887 aeque
812 1833 917 1874 omnes

160 1963 175 1992 ⁸
191 1958 286 2008 Debent
296 1968 391 2024 putare.
424 1961 486 2010 This
502 1975 580 2008 seems
591 1975 606 2006 a
616 1957 725 2021 singular
741 1958 918 2017 construction,

127 2023 176 2072 ond
187 2025 268 2072 would
283 2025 312 2072 bc
323 2025 365 2074 tho
400 2025 434 2084 ht,
445 2026 471 2073 in
488 2025 529 2073 the
546 2023 705 2085 composition
716 2021 745 2071 of
755 2040 787 2072 an
799 2021 915 2087 English-

127 2103 192 2145 man.
203 2088 244 2136 the
259 2089 335 2138 idiom
345 2089 375 2137 of
403 2091 425 2138 is
439 2105 495 2138 own
511 2095 609 2153 tonguc.
640 2090 666 2138 A
683 2095 811 2148 corrector,
820 2104 854 2136 on
869 2104 918 2137 one

128 2153 207 2210 MSS.
218 2152 262 2200 has
274 2153 333 2216 quid
343 2152 440 2202 debetur
445 2154 538 2218 putori.

125 2274 128 2282 ,
160 2219 173 2270 †
190 2215 267 2276 Quod.
300 2218 399 2268 Ernesti
410 2219 489 2270 wordd
499 2219 555 2266 read
564 2234 616 2282 prce.
648 2218 680 2267 ln
688 2217 811 2267 hisIndex
822 2216 917 2266 Lethe

86 2324 88 2328 .
127 2283 238 2332 however
255 2299 320 2347 says,
330 2283 383 2331 tlrat
397 2283 484 2332 Cicero
499 2283 565 2333 ostcn
578 2284 687 2348 employs
703 2283 772 2347 quod,
783 2291 810 2332 at.
818 2283 860 2331 the
877 2284 917 2331 be-

126 2347 425 2459 ginnin‘pofnsentence,
438 2349 516 2400 inmo
531 2349 710 2413 senscofquo‚·
726 2350 865 2412 inquom
881 2347 916 2394 ad

127 2414 156 2464 id
196 2429 208 2461 o
234 2413 326 2461 attinet.

161 2430 238 2531 1unae
251 2493 353 2542 prorem
368 2486 403 2527 ut.
436 2478 484 2528 Est
500 2485 535 2538 ut,
551 2495 652 2542 appears
668 2496 683 2528 a
698 2477 826 2527 Graecism.
859 2477 915 2526 The

127 2545 242 2608 ordinary
254 2544 418 2593 construction
434 2545 514 2593 would
528 2545 588 2593 have
604 2546 672 2602 been,
684 2544 741 2592 Hcc
757 2559 807 2590 una
824 2558 863 2590 res
879 2551 916 2590 oct

128 2612 156 2658 in
166 2625 213 2674 pun
225 2624 272 2658 con
282 2609 385 2658 multum
394 2609 490 2672 differat
498 2612 562 2658 inter
570 2625 675 2658 summos
684 2607 850 2658 etmediocrcs.
866 2607 915 2654 Pro

129 2675 229 2736 Milone,
240 2691 261 2723 c.
270 2674 307 2723 13.
339 2682 354 2706 “
362 2676 405 2724 lllc
416 2683 470 2726 erat
480 2683 507 2724 ut
518 2675 629 2724 odisset.”

352 2747 367 2770 “
545 2741 601 2790 Hoc
607 2747 689 2788 tamen
700 2745 738 2786 cst
747 2747 775 2785 ut
828 2779 832 2790 ,

190 2803 357 2860 Quaerendum
368 2807 485 2866 videatur,
495 2805 554 2855 etin
565 2806 697 2856 discrimen
708 2801 854 2868 agendum.”

672 2869 770 2918 Lucret.
780 2868 815 2916 iii.
827 2865 881 2914 726.
