1984 3276
325 217 390 266 ultr.
401 217 421 264 1.
438 216 515 265 CAP.
528 217 585 266 XX·
810 213 845 271 fil

10 425 11 428 Ἴ
56 353 209 434 largitores
220 367 250 421 et
263 358 383 427 factiosi,
397 367 428 418 ut
441 377 511 434 opes
526 377 610 430 quern
630 356 767 414 maximas
782 375 847 415 con·

58 448 224 507 sequantur,
239 448 267 494 et
281 439 338 496 sint
351 439 378 494 vi
393 439 486 513 potius
501 437 671 512 superiores,
693 453 775 508 quarn
786 435 847 510 jus·

57 514 120 570 titia
136 533 227 590 pares.
268 515 324 572 Sed
347 535 407 588 quo
426 515 580 582 difficilius,
601 514 656 572 boc
676 514 844 589 preclarius.

57 591 182 724 llinitum
197 603 243 660 est
252 593 330 654 enim
345 606 465 670 tempus,
481 593 556 666 quod
565 592 676 669 justitia
688 610 786 652 vacare
799 591 847 648 de-

79 679 134 726 eat.
431 678 436 690 '
533 720 535 727 ,
723 704 725 713 ·

101 747 202 814 Fortes
223 749 307 826 igitur
326 759 354 807 et
377 747 550 825 magnanimi
566 757 632 808 suat
644 746 774 814 habendi,
789 765 847 806 uon

57 826 110 896 qui
131 826 244 894 faciunt,
270 827 321 884 sed
341 829 390 900 qui
409 827 575 903 propulsent
592 825 732 901 injurium.
771 825 847 882 Vera

59 915 156 964 auteur
167 915 196 962 et
204 905 317 980 sapiens
329 907 415 966 animi
424 903 596 981 magnitudo,
608 904 757 964 honesturn
766 903 845 971 illud,

59 981 139 1051 quod
153 984 274 1043 maxime
295 995 393 1044 natura
410 981 691 1055 aquitanienses
711 981 845 1058 positum,

58 1077 119 1116 non
135 1061 164 1122 in
178 1062 274 1137 gloria,
284 1062 409 1138 judicat:
432 1061 644 1138 principemque
665 1078 696 1116 se
711 1077 774 1116 esse
789 1079 846 1118 rna·

58 1138 130 1206 vult,
147 1159 230 1212 quarn
245 1141 341 1200 rideri.
384 1141 500 1200 Etenim
520 1139 570 1211 qui
589 1155 738 1196 exerrare
758 1138 846 1214 impe·

58 1218 120 1274 ritae
136 1219 320 1285 multitudinis
335 1219 448 1294 pendet,
463 1218 510 1278 hic
530 1218 559 1276 in
580 1216 689 1292 magnis
705 1215 772 1273 viris
787 1235 845 1274 nou

58 1305 105 1352 est
129 1296 284 1356 habeadus.
311 1297 585 1356 *Facillime-autem
607 1293 643 1354 ad
666 1311 711 1352 res
727 1294 845 1370 injustas

59 1373 223 1448 impellitur,
237 1386 269 1432 ut
282 1375 402 1447 quisque
416 1374 553 1434 altissimo
568 1373 662 1432 animo
676 1382 729 1440 cst,
750 1372 846 1448 glorie

62 1450 224 1524 cupiditate.
263 1452 320 1516 Qui
333 1453 412 1511 locus
426 1463 470 1510 est
483 1452 696 1518 senelubricus,
709 1449 784 1522 quod
798 1451 846 1512 vix

62 1527 215 1592 invenitur,
243 1529 300 1596 qui,
323 1529 464 1586 laboribus
491 1530 632 1604 susceptio
658 1528 846 1603 periculisque

63 1603 157 1669 aditis,
173 1621 230 1662 nou
241 1605 321 1674 quasi
335 1605 494 1664 mercedem
507 1623 599 1664 rerum
619 1616 759 1680 gestarum
774 1605 847 1664 desi·

63 1681 142 1741 deret
155 1680 282 1757 gloriam.
388 1733 401 1760 ,

98 1817 187 1898 CAP.
202 1836 270 1898 XX.
289 1833 456 1914 Nunquam
469 1851 530 1896 esre
541 1835 816 1936 conrumpercondr’.

10 1965 11 1968 ¹
104 1977 225 2040 Orrunrb
239 1979 318 2038 fortis
333 1978 443 2036 animur
458 1988 486 2038 et
503 1996 620 2056 magnus
641 1977 748 2040 duabus
763 1981 845 2039 rebus

63 2059 186 2121 maxime
198 2060 336 2116 cernitur:
359 2077 476 2132 quarum
489 2077 546 2116 una
565 2058 594 2114 in
608 2076 700 2116 rerum
720 2069 846 2118 externa·

64 2156 125 2196 rum
153 2136 352 2212 despicientia*
376 2137 497 2212 ponitur,
520 2154 585 2194 curn
610 2155 773 2212 persuasum
798 2140 844 2208 sit,

64 2215 135 2278 nihil
149 2215 303 2284 hominem,
318 2215 373 2272 nisi
389 2214 464 2288 quod
485 2216 636 2274 honestum
656 2214 844 2290 decorumque

10 2303 11 2328 ¹
65 2297 111 2362 sit,
132 2304 178 2350 aut
199 2293 338 2360 admirari,
361 2302 409 2350 aut
427 2303 532 2368 optare,
548 2302 595 2349 aut
614 2293 745 2369 'expetere
765 2314 845 2370 opor·

10 2413 11 2442 3
67 2386 141 2432 tere:
162 2370 287 2444 nullique
301 2371 406 2444 neque†
419 2371 538 2438 bomini,
550 2389 640 2446 neque
648 2373 845 2450 perturbationi

337 2509 569 2563 cruerentur
668 2489 670 2493 ’

100 2607 293 2671 *Despicientia
309 2609 372 2658 This
383 2616 448 2658 must
459 2615 501 2658 not
510 2611 541 2658 'be
556 2591 701 2672 interpreted
711 2626 739 2666 es
755 2625 845 2658 recom-

69 2673 182 2736 mondiug
193 2673 284 2734 perfect
295 2675 397 2738 apsthyr
414 2677 457 2724 but
467 2675 547 2724 rather
557 2675 601 2722 the
617 2674 740 2737 disrcgnrd
751 2673 780 2722 os
793 2675 846 2723 that

70 2736 148 2796 which
158 2737 202 2784 lies
218 2738 307 2802 wholly
318 2739 405 2788 within
421 2740 462 2788 the
478 2738 604 2804 power-of
614 2738 702 2796 others,
717 2753 745 2785 or
760 2737 789 2786 os
800 2738 845 2788 for-

11 2807 14 2838 l
70 2810 132 2852 tune.

10 2863 15 2910 Ι
101 2865 113 2918 †
128 2863 243 2929 Nullipue
253 2881 333 2930 nepe.
349 2867 405 2918 Tbo
420 2867 504 2988 rugos
514 2875 563 2918 two
573 2843 738 2932 ammonia
748 2881 764 2916 a
773 2881 846 2933 aega
