1984 3276
322 221 385 273 ΗΒ.
395 221 414 271 1.
432 224 508 274 cAt’.
519 223 589 274 xvl.
809 231 848 286 49

92 365 292 442 Acceptorum
317 375 410 424 autem
430 368 630 426 beneficiorum
645 375 710 426 sunt
723 367 846 428 delectus

39 445 214 506 habendi*
253 443 317 502 Neo
350 443 475 512 dubium,
502 447 570 518 quin
598 448 722 505 maximo
746 449 847 521 cuique

40 525 216 603 plurimum
232 521 370 580 debeatur.
412 523 445 581 In
454 543 510 596 quo
524 534 617 594 tamen
631 525 658 582 in
672 527 780 600 primia,
790 543 847 599 quo

41 605 184 676 quisque
205 603 309 668 animo,
331 601 433 668 studio,
448 603 642 664 benevolentia
654 603 760 670 fecerit,
776 623 846 680 pon-

43 681 215 740 derandum
231 689 282 741 est.
324 677 408 736 Multi
429 681 504 737 enim
519 680 624 736 faciunt
636 682 723 738 multa
737 684 846 740 temeti·

42 769 113 820 tate
131 758 262 831 quadam,
279 757 340 814 sine
350 758 458 834 judicio
472 759 517 815 vel
531 758 624 825 modo,
640 759 669 816 in
683 777 792 824 omnes,
802 761 847 818 vel

42 838 210 915 repentino
222 835 352 908 quodam,
366 837 445 908 quasi
460 847 552 902 vento,
564 837 672 913 impetu
684 838 769 894 animi
777 839 847 896 inci·

44 918 128 976 tati:
152 915 215 987 quae
228 915 364 972 beneficia
378 933 456 985 aequa
477 930 581 990 magna·
597 933 654 973 non
669 927 734 973 sunt
744 917 847 974 haben·

44 995 106 1061 da,¹
129 1001 216 1067 atque
236 1011 278 1059 aa,
300 1011 360 1064 quae
381 992 500 1068 judicio,
521 993 695 1052 considerate
719 1003 845 1052 constan·

46 1083 158 1144 terque
179 1071 268 1128 delata
282 1079 354 1127 aunt.
394 1071 452 1128 Sed
466 1071 495 1128 in
515 1071 677 1129 collocando
697 1073 844 1141 beneficio,
916 1067 920 1074 ’

47 1162 82 1210 et
111 1152 143 1208 in
162 1149 306 1224 reserenda
327 1149 422 1224 gratia,
438 1151 463 1206 si
481 1160 572 1206 cetera
593 1150 670 1225 paria
692 1159 766 1218 ntnt,
789 1147 844 1208 ho‘e

47 1230 185 1304 maxime
199 1229 286 1288 officii
300 1238 352 1294 est,
366 1227 530 1300 utquisque
544 1229 668 1284 maxime
688 1230 752 1305 opis
774 1229 844 1286 indt-

49 1317 133 1386 gem,
148 1308 187 1364 ita
200 1309 227 1365 ei
241 1306 419 1383 potissimum
435 1307 574 1380 opitulari.
616 1305 699 1371 Quod
710 1317 805 1364 contra
812 1308 845 1365 fit

50 1405 71 1442 a
87 1385 243 1460 plerisque.
284 1385 310 1440 A
324 1403 380 1455 quo
394 1385 470 1440 enim
492 1384 644 1458 plurimum
658 1395 779 1459 sperant,
795 1387 844 1442 eti·

52 1461 134 1520 amsi
147 1461 171 1516 ia
185 1479 242 1518 non
256 1471 328 1536 eget,
341 1472 434 1520 tamen
448 1461 475 1518 ei
489 1462 669 1536 potissimum
679 1463 854 1520 inserviunt.'

54 1649 151 1711 ΟΑΡ.
166 1647 248 1706 XVI.
274 1646 344 1716 Quae
355 1647 416 1704 aiat
427 1632 572 1706 societatis
586 1649 722 1706 humana
733 1649 845 1725 princi·

124 1728 189 1807 pia.
234 1724 313 1796 Quid
319 1724 455 1803 primam
468 1725 589 1784 societas
598 1725 762 1804 praecipiat.

99 1885 217 1946 Oenmn
233 1893 323 1942 autem
339 1882 457 1942 societas
473 1881 619 1939 hominum
629 1883 842 1959 conjunctioque

54 1966 223 2030 servabitur,
238 1965 274 2032 ei,
291 1973 322 2020 ut
334 1963 452 2035 quisque
467 1961 519 2018 erit
532 1962 790 2036 conjunctissimus,
804 1965 844 2022 ita

58 2045 90 2102 in
102 2059 167 2102 eum
178 2043 355 2118 benignitatis
368 2041 519 2116 plurimum
531 2041 696 2098 conteratur.
714 2041 771 2098 Sed
780 2061 842 2116 quae

58 2133 157 2181 natura
182 2121 319 2196 principia
339 2121 394 2175 sint
419 2119 627 2176 communitatis
652 2131 680 2178 et
700 2119 840 2180 societatis

57 2201 199 2266 humanae,
227 2196 408 2274 repetendum
429 2195 537 2254 videtur
561 2198 651 2256 altius.
690 2199 746 2258 Est
765 2201 841 2260 enim

59 2280 193 2355 primum,
208 2277 284 2350 quod
301 2276 420 2334 cernitur
431 2275 460 2332 in
472 2276 595 2334 universi
605 2279 715 2353 generis
725 2279 841 2338 humani

61 2358 203 2422 societate,
216 2356 280 2431 ejus
292 2364 382 2411 autem
395 2355 537 2411 vinculum
547 2365 598 2422 est,
614 2357 684 2413 ratio
698 2368 725 2414 et
736 2358 839 2424 matina

63 2453 123 2506 quae
143 2433 278 2500 docendo,
303 2429 444 2500 discendo,
467 2433 708 2512 communicando,
727 2435 840 2510 discep-

64 2511 168 2579 iaudat
178 2511 330 2588 judicando
344 2512 473 2569 conciliat
489 2511 560 2589 inter
574 2531 604 2568 se
620 2512 759 2579 homines,
775 2531 840 2570 eon·

8 2645 22 2672 a
96 2621 233 2672 *Delectata
249 2622 366 2670 habendi:
388 2623 416 2668 in
427 2620 582 2685 emwidering
598 2621 635 2670 ttae
651 2621 793 2688 obligatione
803 2637 840 2670 re·

67 2685 152 2747 oeived,
162 2703 197 2736 we
207 2695 272 2738 maaet
282 2687 422 2736 maneamne
432 2685 632 2750 diaerimination.
748 2693 750 2698 '

326 2801 485 2850 CHAPTER
501 2803 570 2851 XVI.

97 2907 106 2958 t
123 2896 286 2962 necopinato.
318 2899 357 2960 By
372 2898 492 3017 debatigg.
