1978 3268
275 245 341 294 aut
352 243 396 290 ru.
417 242 494 290 cae.
508 243 603 298 xxva,
752 274 759 282 .
792 247 850 304 239

58 383 183 445 neodem
204 396 232 442 et
252 385 460 462 abjiciendam:
482 386 628 458 quoniam,
648 404 711 459 que
731 386 850 444 honesta

59 481 118 520 non
134 465 179 529 sit,
194 475 226 522 ut
237 464 336 521 utilem
351 463 466 535 quidem
480 482 544 521 esse
558 464 682 523 arbitror.
903 463 905 468 ’

101 541 177 608 Quid
191 544 268 600 enim
292 541 450 599 auditurum
474 551 556 617 putas
578 542 667 600 fuisse
681 543 808 607 Ulixem,
823 541 849 598 si

60 619 92 676 in
106 621 154 692 illa
168 621 347 678 simulatione
365 621 597 696 perseverasset?
619 622 668 692 qui
683 641 746 680 eum
763 620 850 677 maxi·

6 773 9 780 Δ
58 717 121 760 mas
144 718 190 756 res
213 698 332 775 gesserit
352 699 383 758 in
408 699 492 766 bello,
508 709 601 756 tamen
623 701 679 756 hoc
701 699 793 758 audiat
813 699 847 769 ab

58 777 150 853 Ajaoe
163 797 171 834 r

123 904 232 981 Cujus*
246 905 308 980 ipse
321 905 452 982 princeps
460 907 533 982 juris
541 906 657 983 jurandi
672 905 735 976 soit,

5 1055 12 1066 ι
124 982 207 1049 Quod
222 1003 319 1041 omnes
335 985 423 1052 scitis,
439 986 517 1043 solus
532 985 657 1062 neglexit
671 985 769 1044 fidem.

113 1061 228 1119 ,Furere
243 1064 426 1130 assimulavit,
442 1082 477 1120 ne
492 1065 590 1131 coiret,
606 1063 731 1127 institit.†

122 1139 204 1206 Quod
220 1142 248 1198 ni
264 1141 423 1198 Palamedis
438 1142 588 1216 perspicax
603 1142 751 1218 prudentie

119 1217 205 1276 Istius
219 1230 367 1295 percepset
377 1219 546 1274 malitiosam
560 1219 731 1295 audaciam‚‡

4 1357 16 1383 ,Ι
120 1297 191 1355 Fide
208 1309 345 1354 sacratum
356 1297 405 1372 jus
423 1306 561 1370 perpetuo
574 1295 690 1354 falleret.

60 1423 108 1482 {lli
121 1441 188 1482 vero
199 1443 256 1482 non
268 1422 353 1481 modo
365 1441 430 1480 oum
442 1422 570 1479 hostibus
583 1439 680 1489 verum
691 1422 849 1490 etiamnum

61 1503 203 1569 fluctibus,
217 1502 244 1559 id
256 1501 331 1575 quod
343 1501 418 1570 fecit,
431 1501 563 1558 dimicare
579 1499 679 1558 melius
693 1501 755 1568 fuit,
766 1519 849 1573 quem

61 1581 191 1639 deserere
203 1581 425 1638 consentientem
438 1579 577 1636 Graeciam
591 1578 624 1636 ad
638 1579 743 1648 bellum
757 1580 851 1646 barba·

59 1660 117 1734 ris§
132 1659 319 1724 inserendum.

16 1807 19 1814 ’
96 1813 217 1880 *Cujus
250 1821 264 1844 “
276 1815 356 1880 Cujus
367 1815 468 1864 hicnon
479 1813 853 1879 efficitnisiunicamsyllabemt

61 1881 267 1943 quemadmodum
288 1882 351 1943 apud
371 1880 515 1928 Terentium
533 1880 594 1942 ejus,
612 1879 675 1938 deos,
686 1879 853 1942 monosyllaba

61 1951 121 1993 sunt
132 1946 227 2008 ubique.
260 1946 344 2004 Istius,
355 1945 430 1994 simili
448 1944 619 2005 contractione,
635 1944 663 1992 fir
678 1943 852 2009 dissyllabum

60 2017 87 2058 et
128 2017 218 2074 respect
230 2027 274 2073 pro
281 2011 450 2076 perceptam?
484 2009 580 2058 Erasm.

16 2125 19 2132 ,
125 2075 161 2122 Ne
170 2076 250 2134 coiret,
261 2077 367 2124 institit:
383 2077 411 2123 in
425 2073 496 2123 order
509 2073 560 2122 atat
568 2074 596 2122 he
607 2074 641 2122 m'
660 2071 685 2122 ltt
696 2080 736 2122 not
746 2073 802 2138 jota
812 2073 850 2125 tlte

61 2139 208 2204 expedition,
212 2140 334 2206 persisted
345 2142 372 2189 in
383 2140 432 2188 thie
439 2138 508 2204 plan.
540 2138 564 2188 J.
576 2138 611 2187 M.
649 2155 699 2188 eus.

96 2203 107 2256 l
124 2204 269 2254 Audaciam.
301 2206 355 2254 One
367 2204 428 2262 MS„
440 2205 482 2252 but
493 2203 513 2252 it
524 2209 545 2252 is
561 2211 605 2253 not
620 2203 711 2253 known
721 2203 851 2256 marmus

59 2269 121 2318 than
132 2286 185 2328 one,
196 2271 264 2336 gives
274 2271 405 2326 astutiam
416 2287 432 2318 a
442 2267 550 2334 reading,
557 2269 646 2328 which,
654 2269 678 2318 if
684 2271 760 2320 better
769 2277 849 2320 attest·

61 2335 100 2393 ed,
112 2350 212 2397 appears
223 2342 249 2384 to
260 2336 332 2384 merit
342 2334 487 2398 preference.
520 2335 550 2383 ln
564 2334 637 2398 proof
647 2335 677 2384 of
687 2335 728 2384 the
744 2335 851 2400 insenity

62 2399 146 2448 which
156 2400 258 2465 Ulysses
277 2399 457 2458 counterfeited‚
473 2401 504 2448 he
516 2399 537 2449 is
548 2399 638 2449 related
654 2407 680 2450 to
695 2401 756 2450 lrave
771 2399 851 2463 yoked

61 2465 173 2530 together
194 2466 298 2514 animale
314 2465 344 2514 of
355 2465 466 2515 different
482 2465 582 2528 species,
597 2466 656 2514 then
674 2463 793 2528 ploughed
810 2462 851 2512 the

61 2546 105 2578 sea
116 2531 194 2589 shore,
205 2529 253 2580 and
265 2547 332 2580 sown
344 2531 396 2579 salt.
428 2530 570 2580 Palamedes
585 2530 672 2592 taking
682 2526 852 2585 Telemachum,

11 2639 14 2646 .
62 2595 122 2644 then
134 2612 166 2643 an
184 2596 270 2654 infant,
281 2596 330 2644 laid
347 2597 399 2644 him
416 2596 442 2644 in
458 2597 499 2646 the
510 2612 565 2660 way
577 2594 606 2643 ol‘
617 2595 658 2642 the
675 2591 851 2655 ploughslrare:

62 2663 106 2710 but
117 2660 219 2724 Ulysses
230 2661 344 2726 stopping
359 2661 400 2710 the
416 2661 508 2728 plough
524 2675 585 2725 gave
601 2655 733 2706 indication
744 2654 774 2704 of
784 2670 851 2704 more

18 2721 23 2734 ¹
61 2725 215 2838 sanitp’than
226 2726 257 2774 he
269 2727 405 2788 pretended.

148 2789 252 2838 arboris.
274 2791 347 2839 Some
358 2791 388 2838 of
393 2790 498 2839 Priam’s
509 2785 647 2836 auxiliarios
657 2798 722 2831 were
733 2779 850 2832 certainlh

95 2790 109 2850 l

62 2855 157 2904 classed
168 2872 259 2920 among
270 2855 338 2903 those
350 2855 431 2902 whom
445 2854 485 2901 the
497 2851 591 2900 Greeks
606 2848 723 2897 numedh¹

60 2921 155 2970 Homer
166 2927 302 2984 represents
313 2919 354 2968 the
365 2918 471 2982 Trojans
486 2915 631 2966 themselves
641 2929 668 2962 as
683 2927 719 2978 go

418 3003 457 3055 25
