1984 3276
260 237 267 248 ,
355 187 448 238 LlB.1.
464 186 541 237 CAP.
549 188 594 236 111.
719 143 723 152 ι
844 191 863 246 9

74 349 170 409 genus
182 337 236 398 est,
250 330 325 404 quod
339 331 459 408 pertinet
478 331 513 390 ad
531 330 617 390 linem
632 331 768 388 bonorum
779 331 806 387 t*
826 329 864 388 el·

72 419 178 479 terum,
193 409 270 483 quod
291 411 414 486 positum
429 419 473 468 est
492 409 521 467 in
544 409 702 486 preceptis,
718 409 819 481 quibus
833 410 864 467 in

73 508 178 548 omnes
193 502 285 565 pertas
307 507 375 546 usus
396 490 459 546 vitae
481 487 649 547 conformari
669 487 769 562 possit.
811 487 864 544 Su·

73 569 196 644 periuris
211 568 321 644 generis
335 567 419 643 hujus
436 567 511 624 modi
521 567 742 641 exemplasunt;
758 567 865 624 omnia·

73 665 112 702 ne
134 645 228 704 officia
248 645 371 722 perfecta
390 646 467 712 sint;
488 645 626 716 numquid
647 644 772 702 officium·
789 643 865 701 aliud

75 717 133 780 alio
162 727 252 800 majus
277 733 324 792 sn,
352 733 381 781 et
407 743 469 795 quae
496 733 562 781 sunt
586 724 696 799 generis
725 722 863 798 ejusdem.

76 802 206 867 Quorum
222 812 315 860 autem
336 801 493 860 officiorum
514 811 652 878 praeoepta
665 799 816 868 traduntur,
831 820 866 857 ea

76 899 249 953 quamquam
263 881 403 957 pertinent
416 880 451 937 ad
465 881 551 938 finem
565 881 713 946 bonorum,
728 890 821 936 tamen
836 878 866 936 id

76 957 176 1019 minus
189 967 312 1034 apparot.
334 959 401 1032 quia
414 959 503 1035 magis
527 957 562 1016 ed
583 957 786 1016 institutionem
801 958 865 1014 vitae

77 1038 238 1094 eommunis
253 1047 379 1114 spectare
394 1036 540 1096 videntur:
562 1035 596 1096 de
611 1037 712 1109 quibus
727 1047 770 1094 est
783 1035 865 1094 nobis

76 1113 124 1172 his
139 1115 439 1192 librisexplicandum.

116 1193 210 1267 Atque
231 1197 316 1251 etiam
337 1195 391 1251 alia
410 1192 513 1250 divisio
534 1201 577 1248 est
598 1191 693 1250 officii.
733 1191 810 1250 Nam
838 1198 867 1249 et

77 1271 204 1333 medium
218 1272 360 1346 quoddam
373 1270 514 1333 officiunt
533 1271 643 1340 dieitur,
659 1281 688 1330 et
700 1269 865 1348 perfectum.

295 1465 299 1471 '
365 1463 526 1514 CHAPTER
541 1463 584 1511 lll.

113 1565 223 1636 ’Finem
234 1587 356 1640 botrorum.
391 1593 443 1639 The
460 1594 512 1640 first
523 1591 618 1652 inquiry
632 1591 652 1638 is
669 1593 749 1639 stated
761 1599 786 1638 to
798 1576 828 1638 be
839 1607 866 1640 as
913 1573 916 1580 Ι

7 1661 10 1666 ’
82 1657 107 1700 lo
118 1654 159 1700 tlte
171 1652 276 1700 relation
288 1653 369 1700 which
379 1669 423 1700 our
435 1657 528 1702 several
540 1656 618 1702 duties
635 1657 695 1701 bear
710 1663 736 1700 to
752 1653 793 1702 the
805 1651 868 1717 finit

81 1713 204 1776 denorum,
222 1717 361 1776 equivalent
374 1724 398 1762 to
415 1719 455 1764 the
466 1732 585 1764 summum
596 1717 692 1775 bonum,
704 1718 759 1764 thns
771 1719 867 1766 defined

80 1781 115 1842 by
122 1783 210 1829 Cicero
222 1781 328 1841 himself,
340 1781 377 1828 De
390 1781 446 1832 Fin.
458 1781 501 1828 lib.
514 1781 595 1828 iii.-“
606 1779 758 1841 Relinquitur
768 1789 794 1829 ut
803 1798 867 1840 sum·

80 1859 146 1894 mum
167 1848 259 1894 bonurn
279 1846 318 1904 sit,
334 1846 413 1893 rivere
426 1845 553 1895 scientiam
567 1844 721 1892 adhibentem
733 1861 817 1894 earum
830 1862 868 1894 re·

80 1923 134 1956 rum
146 1925 199 1969 quae
218 1917 307 1959 natura
320 1910 441 1970 eveniant,
458 1910 601 1970 seligentem
614 1924 666 1968 qum
679 1913 812 1958 secundum
825 1927 867 1959 na·

81 1980 176 2032 turam3
189 1973 242 2038 etsi
252 1989 305 2033 quse
317 1975 390 2022 etiam
402 1981 489 2022 contra
497 1981 611 2020 naturam
624 1981 688 2033 sunt,
701 1974 867 2036 rejicientem

81 2037 106 2084 id
118 2049 162 2098 est,
174 2038 346 2084 convenienter
357 2049 567 2099 congruenterque
580 2045 674 2083 nature
686 2039 789 2086 vivere.”
821 2043 868 2086 hc·

82 2102 184 2162 cerding
196 2109 220 2147 to
233 2101 296 2147 their
306 2103 428 2162 tendency
440 2111 465 2148 to
475 2104 553 2148 attnin
565 2101 613 2148 this
626 2101 715 2162 object,
727 2104 768 2150 the
777 2103 867 2151 virtues

83 2179 124 2212 are
134 2166 253 2224 severally
266 2173 291 2210 to
302 2167 332 2212 be
341 2167 428 2212 ralued
441 2167 490 2212 end
501 2163 609 2214 classedl
636 2165 695 2211 'l’his
705 2167 758 2212 first
770 2167 867 2225 portion

82 2229 158 2275 nithe
168 2229 265 2288 inquiry
277 2244 333 2288 may
342 2231 371 2276 be
381 2231 474 2276 termed
487 2231 527 2275 the
536 2226 696 2286 theoretical;
714 2231 754 2278 the
766 2231 866 2289 second,

83 2291 160 2338 which
171 2307 227 2352 may
235 2294 265 2338 be
275 2294 367 2338 terined
376 2295 417 2340 the
426 2293 552 2352 practieal,
564 2293 688 2339 examines
698 2294 738 2340 the
746 2295 867 2340 induence

83 2357 162 2413 osthe
179 2357 272 2402 several
286 2355 349 2402 rnlee
361 2359 390 2402 ol
398 2357 513 2416 morality
525 2371 556 2403 on
569 2371 613 2402 our
625 2358 731 2412 conduct
741 2357 763 2402 in
777 2358 827 2404 life.

112 2419 242 2475 tMtdt'rtm
253 2418 364 2481 officium.
396 2421 433 2480 By
445 2422 486 2468 the
498 2421 587 2478 Stolos,
599 2421 639 2480 ¹the
651 2419 730 2466 media
739 2420 814 2482 officia
824 2434 867 2466 ere

84 2484 176 2531 classed
196 2483 291 2530 neither
311 2499 401 2545 among
419 2484 482 2532 botta
500 2498 546 2530 nor
557 2483 623 2531 mala
631 2497 642 2539 ,·
663 2483 699 2528 De
711 2483 765 2529 Fin.
778 2485 818 2530 lib.
834 2482 867 2528 iii.

4 2569 9 2597 i
85 2547 156 2594 “Sed
169 2562 223 2594 cum
237 2549 301 2608 qnod
314 2549 442 2594 honestum
454 2548 493 2607 sit,
506 2548 529 2593 id
542 2549 618 2594 solum
632 2549 720 2592 bonurn
734 2562 787 2593 esse
799 2548 867 2592 dica·

85 2625 152 2667 mua3
169 2620 360 2658 consentaneum
370 2621 451 2658 tamen
464 2619 500 2657 est
512 2611 581 2670 fungi
593 2600 680 2668 offidlo,
689 2625 744 2655 rum
757 2610 780 2654 id
793 2609 868 2654 ellici·

86 2687 180 2721 umnec
197 2676 303 2721 inbonis
316 2690 434 2734 ponamus
447 2689 492 2721 nec
505 2675 528 2720 in
541 2674 627 2719 mulis:
644 2683 679 2718 est
691 2673 755 2718 enirn
774 2672 866 2728 aliquid

87 2737 111 2782 in
123 2737 157 2782 his
169 2740 240 2785 rebus
260 2739 395 2800 probabile,
407 2746 431 2784 et
446 2739 543 2799 quidem
563 2738 598 2783 ita
614 2744 640 2781 ut
657 2736 708 2794 ejus
721 2733 783 2780 ratio
796 2735 866 2780 reddi

87 2807 171 2859 potest.
203 2801 242 2848 Ex
260 2818 308 2862 quo
325 2803 468 2862 intelligitur
491 2801 595 2847 officium
616 2799 720 2844 medium
742 2811 763 2854 qt
766 2796 861 2824 ·······

87 2864 213 2924 essequod
230 2880 308 2925 neque
327 2867 352 2912 in
371 2865 441 2912 bonis
458 2871 563 2924 ponatur
582 2875 661 2919 neque
681 2861 705 2905 in
728 2873 741 2904 e
