1970 3278
157 229 212 284 122
433 223 482 272 DE
499 221 653 272 omens.

154 368 294 444 loquatur,
318 363 370 426 sed
393 365 478 428 etiem
497 365 566 438 quid
586 365 706 438 quisque
726 365 842 433 sentiat,
866 375 951 438 etque

153 450 250 516 etism,
273 445 376 519 quade
390 462 491 502 caussa
511 445 632 517 quisque
654 443 765 502 sentiat.
808 444 853 502 Ut
873 448 952 504 enirn

156 529 287 604 pictores,
304 535 332 583 et
345 525 376 591 ii,
392 525 439 599 qni
451 524 532 601 signa
546 524 721 590 fabricantur,
737 532 766 581 et
780 541 850 580 vero
866 525 952 582 etiarn

155 609 258 683 poete,
281 623 363 662 suurn
390 605 509 675 quisque
534 622 606 678 opus
632 602 753 678 evulgo
776 602 952 660 considerari

156 685 228 750 vult;
249 692 290 749 ut,
305 684 331 742 si
353 681 420 754 quid
440 682 642 758 reprehensum
665 681 703 738 sit
722 700 738 737 n
759 680 905 755 phiribus,
927 682 952 740 id

153 763 322 838 corrigatur:
345 762 430 833 hique
444 774 473 820 et
486 759 593 827 secum,
608 769 637 818 et
657 759 812 826 corneliis,
828 760 902 831 quid
924 761 951 818 in

154 859 190 900 eo
212 851 357 916 peecatum
381 841 428 909 sit,
445 841 614 911 exquirunt:
636 839 678 896 sie
701 838 818 896 aliorum
840 839 950 914 judicio

155 920 295 996 permulta
318 919 399 978 nobis
423 929 451 976 et
473 917 609 986 socienda,
632 927 661 978 et
682 935 740 976 nou
762 915 906 986 iacienda,
926 928 950 975 et

154 998 298 1066 mutanda,
312 1008 341 1056 et
354 996 519 1074 corrigenda
531 1006 607 1054 eunt.
670 1031 672 1040 =

195 1077 266 1142 Qute
280 1095 347 1136 vero
367 1095 446 1136 more
467 1086 584 1152 agentur
599 1073 791 1146 institutisque
806 1073 947 1142 civilibus,

155 1155 192 1214 de
217 1157 253 1214 iis
277 1156 350 1214 nihil
374 1165 418 1214 est
441 1154 672 1231 precipiendum.
712 1153 765 1212 Illa
788 1155 869 1211 enirn
892 1156 948 1230 ipsu

157 1245 297 1312 precepta
309 1243 384 1292 sunt.
425 1234 490 1292 Nee
510 1251 681 1307 quemquam
701 1232 757 1290 boe
776 1249 873 1290 errore
888 1232 948 1290 duci

155 1324 274 1390 oportet,
285 1323 324 1380 ut,
335 1313 360 1370 si
371 1313 438 1385 quid
450 1314 590 1379 Socraten,
601 1321 648 1370 aut
655 1311 837 1386 Aristippus*
849 1323 944 1369 contra

156 1411 265 1452 rnorem
292 1391 581 1463 consuetudinemque
607 1391 720 1450 civilem
748 1389 878 1456 fecerint,
906 1390 944 1448 lo·

156 1471 249 1530 entire
269 1471 335 1538 sint,
350 1469 425 1528 idern
447 1471 502 1528 sibi
524 1467 670 1526 arbitretur
690 1469 785 1526 licere.
828 1469 943 1545 Magnis

157 1551 198 1608 illi
212 1561 241 1608 et
253 1549 356 1608 divinis
370 1549 452 1607 benis
467 1549 539 1606 bane
554 1549 695 1606 licentiam
715 1549 944 1620 assequebantur.

158 1628 335 1706 Cynicorum
362 1646 429 1686 vero
454 1628 525 1686 ratio
553 1638 610 1686 tota
635 1639 678 1686 est
705 1625 854 1702 ejicienda.
896 1628 948 1686 Est

156 1711 235 1768 eninr
257 1709 372 1768 inimice
393 1706 578 1773 verecundie,
593 1707 655 1764 sine
678 1723 734 1778 qua
754 1706 828 1764 nihil
841 1717 948 1766 rectum

157 1807 222 1846 esse
237 1797 338 1864 potest,
353 1787 425 1846 nihil
438 1787 599 1844 honestum.
968 1799 969 1810 ¹

198 1867 259 1923 Eos
284 1878 388 1932 autern,
412 1883 531 1936 quorum
556 1865 613 1922 vita
637 1871 784 1940 perspecta
808 1863 840 1920 in
867 1866 949 1922 rebus

109 1987 114 1994 .
155 1942 284 2002 ¹honestis
309 1954 392 2014 atque
417 1943 527 2018 magnis
552 1951 605 2008 est,
626 1942 697 2000 bene
723 1940 758 1998 de
782 1960 813 1998 re
836 1943 948 2018 publiea

157 2021 321 2088 sentientes,
335 2039 368 2077 ao
388 2021 459 2078 bene
479 2021 605 2089 meritos,
621 2029 668 2078 sut
686 2029 837 2088 merentes,
854 2023 908 2090 sio,
921 2030 949 2079 ut

190 2193 205 2224 '¹
222 2191 275 2242 Aur
294 2191 444 2259 Aristippus.
476 2194 514 2244 Ae
536 2194 577 2244 the
599 2194 657 2244 verb
678 2192 804 2258 following
824 2194 846 2243 is
867 2191 950 2258 plurul,

158 2257 249 2321 Bisbop
265 2258 356 2308 Peeroe
367 2259 483 2323 proposed
494 2267 519 2308 to
530 2261 624 2324 ohsnge
636 2260 676 2308 the
688 2259 814 2324 conjuncti
859 2259 913 2310 into
924 2268 951 2318 et,

158 2324 202 2372 but
217 2323 237 2372 it
252 2323 310 2374 does
325 2331 368 2373 not
383 2341 471 2388 nppeur
486 2326 540 2376 thet
554 2326 585 2374 he
602 2324 650 2374 hed
666 2325 707 2373 the
724 2325 821 2374 authori
831 2342 850 2390 y
862 2326 893 2376 of
904 2341 950 2391 uny

159 2388 213 2438 MS.
245 2388 318 2438 Some
327 2389 449 2442 instuuees
460 2407 548 2453 eppeur
557 2390 587 2440 of
592 2397 641 2439 two
651 2389 768 2448 noun'sin
779 2389 821 2438 the
833 2391 951 2457 singular,

92 2467 95 2474 ·
156 2454 240 2520 joined
262 2455 277 2502 b
313 2462 364 2512 aut,
383 2455 519 2531 governing
538 2473 553 2506 e
572 2455 650 2519 plural
669 2455 734 2503 verb.
767 2454 806 2502 De
825 2455 871 2505 Or.
889 2457 914 2506 ii.
931 2457 951 2505 4

158 2526 173 2550 “
180 2520 214 2570 Ut
224 2536 255 2569 ne
285 2520 389 2596 ulpicius
400 2519 526 2573 femilisrrs
538 2537 614 2579 meus,
623 2526 666 2568 eut
673 2521 746 2596 Corte
755 2520 810 2581 pius
822 2537 899 2598 quern
908 2539 950 2588 ego

576 2649 822 2712 .
839 2587 950 2716 nen

157 2720 186 2762 tu
207 2723 250 2766 eut
272 2715 314 2766 ille
336 2732 393 2766 eum
415 2714 517 2774 fortune,
536 2716 582 2764 hoe
601 2715 707 2774 nomine,
726 2714 795 2778 queri
818 2717 907 2778 possiti
927 2718 950 2764 i’¹

156 2779 298 2844 Aristippus
309 2782 357 2832 hed
368 2783 428 2831 been
439 2798 455 2830 e
464 2779 564 2843 disciple
575 2779 604 2829 os
610 2779 732 2838 Socratesr
742 2780 773 2828 he
780 2795 833 2830 vves
845 2799 863 2832 e
873 2783 952 2834 nenive

158 2841 188 2890 of
197 2843 302 2908 Cyrene,
313 2847 362 2896 end
378 2845 483 2896 founded
498 2845 538 2894 the
554 2850 606 2894 sect
621 2845 710 2894 named
725 2845 768 2894 the
785 2844 920 2910 Gyrennie,
929 2855 953 2898 to

158 2904 242 2955 which
253 2925 305 2958 wrs
316 2911 426 2974 imputed
437 2928 452 2962 u
462 2916 548 2975 strong
559 2908 628 2974 tinge
639 2908 669 2958 os
675 2909 876 2974 Epicurennism.
