1970 3272
67 199 71 204 ’
136 221 191 277 146
265 212 267 218 ’
419 219 467 266 nn
484 219 637 268 osricus.

174 363 365 434 Quacumque
379 361 463 437 igitur
476 361 606 420 homines
621 361 730 418 homini
744 362 870 420 tribuunt
890 363 929 420 ad

135 460 200 499 eum
219 440 377 516 augendum
398 447 481 510 atque
500 439 717 506 honestandum,
737 450 785 497 aut
802 442 930 499 benevo-

127 521 224 596 ¹lentie
238 519 341 596 gratia*
354 518 469 583 faciunt,
481 536 546 576 curn
560 517 700 590 aliqua-de
714 535 814 576 caussa
826 537 928 592 quem·

133 599 210 674 piam
236 597 369 674 diligtmt:
403 605 452 653 aut
477 597 604 662 honoris,
631 597 657 653 si
683 596 764 672 mrjus
792 597 927 655 virtutem

134 675 301 750 suspiciunt,
321 674 475 748 quemquet
493 675 610 752 dignum
630 675 740 734 fortuna
760 694 845 748 quam
868 695 928 734 am-

133 753 262 830 plissima
287 763 399 829 putent:
428 763 475 810 aut
493 755 539 810 cui
558 753 643 812 fidem
666 753 779 820 habent,
799 765 828 810 et
850 755 926 812 bene

132 832 214 888 rebus
229 832 288 889 suls
303 832 450 890 consulere
471 833 655 890 arbitrantur:
683 841 732 889 aut
750 832 830 908 cujus
851 851 925 909 opes

133 919 276 967 metuunt:
299 919 347 968 aut
358 919 463 975 contra,
478 911 608 981 aquibus
623 909 729 980 aliquid
741 920 923 985 exspectant:

133 997 164 1045 ut
187 1007 252 1046 cum
275 1007 367 1064 reges,
392 987 577 1064 popularesve
604 987 734 1045 homines
760 989 925 1064 largitiones

134 1066 241 1138 aliquas
260 1075 435 1144 proponunt:
457 1058 511 1122 aut'
522 1076 676 1140 postremo,
691 1067 781 1142 pretio
801 1085 834 1123 ac
852 1087 928 1124 mer·

132 1145 202 1202 cede
221 1145 378 1202 ducuntur:
400 1161 462 1216 qum
483 1143 678 1201 sordidissima
687 1145 735 1201 'est
746 1145 795 1202 illa
807 1145 924 1217 quidem

132 1224 203 1280 ratio
221 1233 251 1280 et
267 1222 502 1295 inquinatissima,
516 1232 545 1279 et
562 1224 609 1290 iis,
624 1223 673 1295 qui
694 1241 728 1280 ea
741 1233 883 1292 tenentur,
896 1233 927 1280 et

134 1301 200 1369 illis,
215 1304 264 1374 qui
278 1302 312 1359 ad
326 1320 389 1358 eam
403 1300 554 1377 confugere
566 1311 713 1360 conantur.

173 1380 251 1438 Male
278 1380 354 1438 enim
375 1397 406 1436 se
426 1397 472 1436 res
492 1381 585 1448 habet,
613 1399 689 1448 cum,
717 1379 794 1452 quod
820 1381 924 1438 virtute

134 1457 210 1516 effici
234 1459 324 1526 debet,
346 1457 375 1516 id
395 1467 515 1516 tentatur
541 1459 670 1535 pecunia.
710 1457 766 1516 Sed
787 1461 923 1531 qnoniam

134 1556 192 1597 non
218 1556 372 1611 numquam
392 1536 447 1594 hoc
467 1537 625 1604 subsidium
645 1539 834 1596 necessarium
862 1548 922 1595 est:

134 1616 392 1690 quemadmodum
404 1615 441 1673 sit
449 1616 583 1674 utendum
598 1636 643 1684 eo,
658 1616 794 1683 dicemus,
806 1617 832 1672 si
842 1617 922 1691 prius

132 1697 168 1753 iis
180 1696 318 1764 derebus,
327 1714 390 1768 qum
402 1695 495 1752 virtuti
507 1696 653 1772 propiores
667 1703 741 1759 sunt,
755 1693 922 1752 dixerimus.

132 1775 225 1847 Atque
247 1777 331 1833 etiam
352 1773 505 1850 subjiciunt
518 1793 549 1830 se
564 1773 692 1830 homines
713 1770 833 1843 imperio
854 1772 924 1830 alte·

132 1853 191 1910 rius
212 1863 241 1910 et
259 1853 388 1930 potestati
409 1851 444 1908 de
464 1851 571 1907 caussis
595 1848 729 1924 pluribus.
771 1845 923 1908 Ducuntur

131 1931 207 1988 enim
223 1942 270 1989 aut
282 1929 485 1994 benevolentia,
501 1937 548 1984 aut
563 1925 763 1982 beneficiorum
777 1927 921 2002 magnitu-

131 2007 207 2074 dine,
219 2021 266 2065 sut
279 2007 420 2085 dignitatis
434 2005 602 2082 praestantia‚
615 2014 661 2060 aut
670 2021 732 2079 spe,
742 2004 797 2062 sibi
812 2005 841 2062 id
851 2007 920 2064 utile

130 2084 263 2152 futurum,
278 2099 326 2144 aut
339 2095 424 2152 metu,
440 2102 475 2140 ne
489 2084 517 2139 vi
531 2099 628 2158 parcre
645 2093 789 2158 cogantur,
805 2093 853 2141 aut
866 2103 917 2160 spe

129 2163 285 2238 largitionis
306 2161 511 2242 promissisque
531 2161 623 2237 capti:
646 2170 693 2218 eut
713 2171 867 2238 postremo,
887 2172 919 2219 ut

160 2355 175 2388 ¹*
192 2350 365 2402 ceruleum
371 2353 464 2416 gratia.
495 2353 539 2402 Six
550 2353 652 2404 motives
662 2370 704 2404 ere
712 2353 826 2418 assigned
835 2352 871 2402 t'or
879 2352 920 2400 the

129 2419 232 2470 services
249 2417 331 2467 which
349 2433 406 2466 men
423 2419 490 2482 yield
504 2425 530 2467 to
544 2419 605 2468 cuch
622 2420 698 2468 other.
730 2420 786 2468 The
803 2419 856 2466 first
871 2418 918 2466 end

128 2485 217 2544 fourth,
228 2483 387 2534 benevolencc
405 2485 454 2532 ond
471 2484 530 2543 sear,
541 2501 582 2534 ere
600 2486 691 2534 treated
703 2485 729 2533 in
740 2485 809 2546 chsp.
821 2482 918 2532 vitam

129 2553 192 2602 viii.:
209 2551 250 2600 thc
268 2549 357 2600 second
374 2549 423 2597 ond
440 2550 506 2599 third
523 2550 632 2610 motives,
643 2550 737 2614 erising
752 2549 918 2604 fromhonour

129 2620 177 2667 and
188 2617 289 2680 fidelity,
298 2631 339 2664 ore
350 2616 442 2665 trented
454 2615 480 2664 in
490 2615 532 2664 the
544 2616 680 2665 successive
692 2615 804 2676 chuptcrs
815 2613 878 2662 from
886 2613 917 2661 ir.

128 2689 154 2732 to
165 2683 225 2732 xio:
243 2683 284 2732 the
300 2680 354 2730 fillh
370 2682 419 2730 sud
435 2681 501 2731 sixth
512 2682 621 2740 motives,
633 2681 753 2745 hbernlity
764 2680 813 2729 end
824 2695 917 2741 corrup

127 2749 188 2806 tion,
198 2747 261 2798 from
272 2747 384 2812 chcptem
395 2763 433 2796 xv.
445 2753 470 2796 to
480 2747 545 2796 xxiv.
577 2747 677 2796 Peorcc.

158 2813 171 2884 l
189 2812 318 2879 Quemque.
346 2812 477 2864 Feccioloti
485 2812 534 2862 end
543 2812 642 2862 Ernesti
651 2811 797 2876 conjecture,
805 2823 910 2873 meoque.
