1984 3276
125 203 144 260 ῃ
412 201 460 250 ua
477 198 629 249 oeneus.

129 344 202 413 husa
222 359 315 414 neque
335 342 361 398 si
383 349 476 399 tecum
499 359 564 416 agas
584 337 681 412 quid*
702 357 794 413 neque
808 339 833 398 si
849 357 923 400 oum

129 422 215 482 altero
228 419 385 486 contrahas,
406 437 504 476 vacare
519 418 627 481 officior
643 426 755 494 potest:
778 419 808 476 in
822 437 922 492 eoque

130 510 159 558 et
171 497 300 565 colendo,
314 499 369 554 sita
380 498 443 554 vitae
453 507 498 556 eet
507 497 641 556 honestas
652 497 756 566 omnis,
768 507 797 556 et
807 498 837 556 in
848 517 923 575 neg·

127 575 417 654 ligendofturpitndo}
646 634 648 637 .

167 656 260 726 Atque
274 655 334 711 haeo
349 653 462 726 quidem
477 654 596 728 qnaestio
610 654 769 713 eommunis
789 663 834 710 est
857 673 923 712 om-

129 733 208 792 nium
222 733 466 810 philosophorum.
507 733 578 800 Quis
600 743 644 792 est
662 733 749 799 enim,
764 733 813 804 qui
831 733 924 790 nullis

130 811 218 871 officii
231 813 379 887 praeceptis
393 812 549 885 tradendisss
562 811 764 888 philosophum
775 830 807 868 se
819 811 925 870 audeat

129 889 244 948 noemi
274 889 331 948 Sed
344 900 411 948 sunt
423 891 580 964 nonnulloe§
595 889 761 965 disciplinae,
777 907 839 962 quae
854 908 923 965 pru·

131 967 232 1046 positis
246 969 384 1026 bonorum
398 977 426 1030 et
439 970 576 1028 malorum
589 969 704 1035 finibus,
719 969 844 1026 officium
859 987 924 1026 om·

131 1063 167 1106 ne
181 1055 350 1121 pervertunt.
391 1047 468 1104 Nam
482 1048 532 1120 qni
545 1065 688 1105 summum
702 1048 806 1104 bonum
819 1047 862 1102 sio
877 1047 921 1104 in·

130 1123 229 1192 stituit,
252 1134 283 1181 ut
302 1124 382 1181 nihil·
397 1125 498 1182 habeat
519 1142 584 1182 oum
604 1126 704 1182 virtute
724 1127 921 1202 conjunctum,

132 1201 217 1274 idque
231 1202 291 1258 suis
305 1202 474 1269 commodis,
489 1221 547 1260 non
561 1203 706 1260 honestate
722 1205 849 1271 metitur;
872 1204 921 1260 hie

131 1280 158 1340 si
171 1280 227 1338 sihi
241 1280 302 1370 ipse
317 1281 474 1342 consentiat
486 1291 515 1338 et
527 1299 584 1339 non
598 1281 737 1338 interdum
753 1289 857 1338 naturae
870 1283 922 1340 ho·

132 1357 218 1416 nitate
232 1365 367 1424 vincatur,
382 1377 473 1430 neque
488 1360 639 1416 amicitiam
649 1360 741 1416 colere
753 1361 853 1436 possit,
866 1379 921 1417 nec

128 1435 278 1512 justitiam,
293 1455 345 1494 nec
355 1437 558 1494 liberalitatem.
600 1437 781 1506 Fortiorem,
794 1437 920 1497 dolorem

131 1531 277 1572 summum
291 1515 397 1577 malum
413 1515 555 1596 judicans,
577 1525 624 1574 aut
637 1525 807 1594 temperans,
822 1517 921 1595 volup·

164 1717 180 1752 ¹*
195 1719 262 1784 Agat
269 1719 335 1784 quid.
354 1721 406 1770 The
418 1721 497 1770 duties
509 1721 619 1782 imposed
631 1723 663 1780 hy
675 1721 716 1767 tho
733 1721 779 1770 law
790 1721 820 1766 of
833 1729 921 1771 natare

133 1781 195 1830 haue
207 1785 268 1830 been
280 1785 457 1844 distinguished
473 1789 504 1845 hy
520 1785 642 1832 moralists
660 1783 711 1828 into
728 1785 796 1830 three
812 1785 920 1846 classesj

134 1841 176 1892 lst.
200 1845 281 1891 Those
292 1847 370 1892 which
388 1849 477 1908 regerd
493 1849 534 1894 the
551 1849 669 1905 Supreme
686 1847 780 1908 Bcing3
801 1849 848 1910 lid,
864 1865 919 1896 our-

133 1907 228 1964 selres;
247 1907 308 1966 illd,
320 1911 390 1954 other
401 1923 465 1956 men.
499 1909 588 1956 Cicero
596 1923 701 1970 appears
713 1917 738 1956 to
750 1911 813 1958 hare
825 1913 882 1960 here
895 1913 920 1960 in

135 1970 196 2016 slew
207 1965 248 2016 tlte
256 1973 347 2018 second
359 1972 431 2016 class.
754 2005 756 2010 .

167 2032 282 2094 tOffioio.
305 2033 357 2080 The
376 2048 441 2080 noun
460 2033 480 2080 is
498 2035 597 2082 derived
615 2036 682 2086 from
700 2038 740 2086 the
758 2041 817 2085 verb
828 2037 920 2104 objicio,

134 2097 194 2146 used
214 2097 238 2144 in
256 2111 273 2146 tt
292 2097 441 2161 senselong
457 2098 609 2158 antiqueted.
642 2101 694 2148 The
711 2103 860 2162 preposition
876 2106 920 2154 has

135 2159 193 2220 had,
205 2157 230 2205 in
242 2161 289 2207 this
299 2159 420 2220 instance,
431 2162 471 2208 the
480 2177 547 2209 same
558 2165 678 2211 influence
687 2181 718 2211 on
729 2168 769 2212 the
781 2169 847 2226 verb,
859 2183 885 2214 es
895 2169 920 2214 ln

134 2222 176 2269 the
187 2223 350 2284 composition
370 2225 399 2270 ot
414 2224 511 2285 oblecto,
527 2226 647 2290 obsequor,
664 2229 805 2291 obtempero,
820 2231 901 2280 obedio
910 2247 921 2290 ;

134 2285 189 2333 that
207 2288 237 2332 os
251 2289 464 2350 accommodating
484 2304 512 2335 or
533 2293 635 2350 making
657 2294 801 2352 applicahlo.
834 2294 920 2343 Hence

135 2350 239 2397 another
250 2353 385 2412 secondnry
398 2354 546 2412 application
559 2356 588 2399 of
596 2355 698 2418 qfficirtm
710 2357 758 2405 and
769 2353 884 2416 officiosus
895 2359 919 2404 in

134 2413 176 2458 the
187 2429 258 2460 sense
269 2417 298 2461 ol
306 2413 439 2476 obligation
450 2417 582 2480 orsuoour.
976 2475 977 2480 ¹

166 2477 459 2533 titurio—tradendis.
490 2481 556 2540 'that
568 2481 596 2539 is,
613 2481 711 2528 anullo
722 2495 738 2528 u
748 2489 771 2526 s'e
783 2478 917 2529 traduntur.

135 2537 194 2587 This
206 2542 334 2602 participle
346 2543 390 2590 has
402 2543 566 2602 occasionnlly
576 2558 591 2589 a
601 2553 699 2602 present
708 2543 878 2604 signification,
891 2560 917 2593 as
976 2589 977 2594 ,

131 2617 189 2664 cap.
201 2609 225 2653 8.
258 2606 293 2654 llo
309 2606 338 2654 de
354 2605 482 2668 inserenda
492 2607 587 2670 quidem
599 2607 693 2672 injurio
704 2607 759 2654 sotis
769 2606 858 2654 dictum
868 2613 907 2657 est.

165 2663 328 2732 §Nonnulla
353 2670 405 2716 The
422 2671 561 2730 Epicurean
574 2682 626 2718 sect
643 2673 663 2718 is
683 2671 781 2719 alluded
799 2680 839 2720 to:
857 2674 918 2721 their

132 2743 271 2792 opponente
283 2733 391 2794 imputed
403 2737 428 2780 to
440 2735 507 2781 them
526 2735 567 2781 the
584 2737 684 2796 opinion
706 2737 758 2782 that
777 2733 886 2797 piensure
898 2739 917 2786 is

131 2793 175 2841 the
186 2811 299 2857 supreme
311 2798 384 2860 good,
395 2799 445 2845 aod
462 2799 522 2860 pain
533 2799 574 2848 the
592 2815 707 2864 supreme
728 2801 782 2850 eril.
815 2802 853 2852 De
864 2801 884 2851 F
886 2801 916 2850 in.

132 2856 417 2918 stmhmawffi
