1970 3278
117 213 173 268 130
333 237 341 252 =
395 205 455 256 *DE
473 205 626 256 oeneus.

116 372 178 427 quo
191 351 225 411 ad
236 353 341 410 victum
359 348 522 422 cultumque
538 348 688 426 pertinent,
709 343 791 420 quasi
801 346 915 424 virgula

116 433 221 499 divina,
250 442 281 487 nt
308 430 394 496 aiunt,
423 427 686 504 suppeditarenturt
714 437 775 484 turn
800 427 913 502 optimo

117 513 238 584 quisque
252 508 375 584 ingenio,
390 508 511 584 negotiis
533 507 663 564 omnibus
679 506 804 584 omissis,
820 515 913 566 totum
963 514 964 558 l

117 609 149 647 se
164 591 193 646 in
206 587 366 663 cognitione
387 597 415 643 et
436 586 554 643 scientia
575 585 733 642 collocaret
776 583 845 641 Non
869 595 913 643 est

117 669 164 725 ite.
206 665 234 722 N
238 685 282 722 arn
297 677 325 722 et
338 663 518 738 solitudinem
534 663 649 740 sugeret,
664 674 692 720 et
703 663 813 720 socium
825 663 913 722 studii

117 756 271 818 quereret;
293 753 352 801 turn
378 743 489 809 docere,
513 752 573 800 tum
595 741 705 800 discere
729 741 825 810 vellet,
851 753 912 802 tum

117 823 223 891 audire,
250 833 309 880 tunt
332 821 435 879 dicere.
474 821 553 898 Ergo
573 838 658 878 omne
679 819 816 887 officium,
836 821 912 893 quod

118 901 152 960 od
167 902 395 978 conjunctionem
408 900 555 957 hominurn
567 909 595 956 et
609 898 643 956 ed
656 899 822 956 societatem
835 911 913 958 tuen·

117 979 182 1038 dam
193 981 276 1047 valet,
288 978 515 1055 anteponendum
529 987 572 1035 est
587 977 629 1036 illi
640 977 745 1047 officio,
758 978 837 1054 quod
847 997 913 1058 cog·

117 1059 225 1118 uitione
239 1069 268 1116 et
280 1058 400 1116 scientio
413 1058 582 1116 continetur.

121 1213 210 1292 cle.
226 1212 319 1273 xnv.
344 1191 574 1272 commentitus
588 1210 843 1290 ffuamooesuae
856 1213 913 1292 offi.

76 1309 81 1320 ·
157 1293 301 1452 {licam
328 1309 389 1353 estc
413 1290 636 1371 anteponendo.-
663 1309 724 1351 esse
750 1291 913 1374 officiorum

157 1515 249 1576 Iunco
268 1513 385 1575 forsitan
409 1512 589 1587 querendum
604 1514 650 1584 sit,
664 1533 733 1574 nutu
747 1513 810 1574 haec
835 1535 913 1577 com·

119 1597 253 1663 munitas,
275 1613 337 1669 quet
353 1595 475 1653 maxime
496 1605 539 1652 cst
559 1605 623 1671 apta
644 1604 758 1661 neturus,
774 1597 812 1652 sit
826 1597 913 1656 etiam

119 1675 306 1735 moderationi
336 1675 537 1748 modestiaeque
565 1693 680 1750 semper
705 1676 913 1751 anteponenda.

18 1781 19 1786 ¹
121 1754 190 1812 Non
205 1756 304 1831 placet.
345 1755 418 1812 Sunt
429 1754 505 1812 enim
517 1752 644 1826 quedem
659 1754 759 1830 partim
774 1754 813 1812 ita
827 1754 911 1824 lesda,

120 1835 222 1909 partim
244 1837 282 1890 its
306 1832 453 1910 flagitiosa,
468 1844 500 1890 ut
513 1851 555 1898 ea,
571 1851 606 1890 ne
629 1833 828 1891 conservande
852 1835 914 1906 qui·

120 1911 185 1969 dcrn
202 1913 295 1987 patric
309 1929 418 1978 caussa,
438 1911 552 1986 sapiens
572 1910 754 1990 secturuslsit.
795 1912 843 1970 Ea
858 1913 913 1971 Po-

79 2027 87 2035 -
120 1989 266 2046 sidonius*
280 1990 393 2065 collegit
409 1990 553 2065 permulta,
569 1989 620 2047 sed
632 1991 670 2048 ita
684 2001 760 2048 tetro
770 1991 911 2064 quosdam,

120 2067 159 2124 ita
167 2069 298 2134 obscena,
315 2079 345 2124 ut
356 2067 431 2124 dictu
443 2087 555 2141 quoquo
565 2069 709 2127 videantur
720 2072 811 2146 turpia
840 2069 913 2129 Hoeo

120 2145 206 2221 igitur
214 2163 270 2202 non
283 2145 419 2222 suscipiet
428 2147 468 2204 rei
479 2148 597 2223 publicae
609 2165 725 2215 caussat
747 2167 841 2206 neres
854 2149 914 2223 qui·

122 2221 187 2282 dem
210 2224 322 2299 publica
335 2243 386 2300 pro
401 2243 432 2282 se
447 2227 553 2302 suscipi
568 2227 653 2286 volet.
694 2226 752 2284 Sed
766 2228 822 2286 hoo
838 2246 926 2286 coma

121 2301 233 2361 modius
258 2321 290 2360 se
311 2321 357 2361 res
381 2304 474 2373 habet,
497 2304 573 2379 quod
593 2324 651 2366 non
671 2315 765 2384 potest
785 2307 915 2367 accidere

382 2478 543 2533 CHAPTER
559 2477 633 2528 XLV.

71 2660 76 2669 ¹
154 2603 338 2655 *Posidonius
369 2605 505 2669 Adisciple
517 2607 547 2656 cf
558 2605 688 2667 Pentetius,
699 2607 747 2656 ond
759 2605 821 2656 stoic
839 2607 919 2670 philo-

122 2672 215 2732 sopher.
248 2672 288 2720 He
307 2671 355 2720 hed
375 2673 436 2720 been
453 2688 543 2738 among
559 2672 599 2720 the
615 2673 758 2722 instructore
774 2673 805 2721 of
815 2672 918 2723 Cicero:

121 2733 347 2786 “Doctissimorum
368 2737 494 2786 hominum
511 2737 687 2786 familiaritates
709 2737 798 2800 quibus
818 2753 920 2802 sempor

122 2797 209 2868 (lomus
219 2808 302 2849 nostre
313 2801 402 2860 floruit,
412 2809 437 2851 et
445 2801 566 2863 principes
577 2802 619 2860 illi,
631 2801 758 2862 Diodotus,
769 2801 850 2865 Philo.
866 2805 920 2855 An·

125 2861 225 2921 lrochus,
236 2864 403 2915 Posidonius.”
436 2865 473 2918 Dc
484 2866 541 2916 Nol.
553 2865 583 2916 D.
594 2866 634 2916 lib.
645 2865 661 2915 i.
673 2880 694 2916 c.
703 2865 726 2915 3.
