1970 3272
304 223 369 276 ura.
382 183 426 273 ιιι.
444 221 576 274 cauus
779 225 837 282 stu

56 377 159 427 nature
172 366 275 444 legem.
316 365 369 425 Sin
386 367 517 425 autentis
537 373 566 424 tu
587 365 638 432 sis,
653 365 702 438 qui
723 365 838 423 mulum

55 447 201 504 utilitatem
215 445 256 502 rei
268 445 388 521 publica
403 455 484 516 atque
498 444 645 502 hominum
661 441 798 510 societati,
813 444 839 501 si

55 523 85 582 in
102 525 156 582 vita
170 541 324 590 remaneas,
340 522 438 580 afferre
459 523 572 600 possis;
594 523 619 580 si
633 521 711 594 quiid,
727 523 762 580 ob
776 540 838 579 eam

56 604 211 668 causeam*
226 601 304 658 alteri
324 599 486 667 detraxeru,
501 619 558 658 nou
578 601 615 658 sit
634 600 839 677 reprehenden-

56 679 134 739 dum.
175 680 228 737 Sin
255 689 347 736 autem
374 678 404 736 id
427 697 485 736 nou
511 679 548 734 sit
567 678 628 754 ejus
649 679 735 748 modi,
755 696 839 736 suum

55 759 158 831 cuique
178 756 389 816 incommodum
410 755 554 814 serendum
574 766 618 813 est
636 758 740 832 potius,
755 775 839 830 quam

55 837 90 894 de
105 836 218 894 alterius
238 835 395 894 commodis
410 833 635 897 detrahendum
675 835 742 892 Non
756 835 841 912 igitur

55 916 147 991 magis
167 924 211 972 est
230 923 326 972 contra
351 921 477 972 naturam
507 913 632 981 morbus,
654 922 701 971 aut
720 923 840 990 egestas,

56 1004 105 1050 aut
114 991 182 1065 quid
195 992 279 1070 hujus
294 992 381 1061 modi,
397 1011 480 1065 quam
495 991 636 1059 detractio,
647 985 694 1049 aiut
706 991 841 1068 appetitio

54 1071 157 1129 alieni:
187 1071 237 1128 sed
258 1070 416 1130 communis
436 1071 561 1128 utilitatis
582 1070 725 1128 derelictio
745 1078 842 1127 contra

55 1160 183 1208 hamram
203 1159 267 1218 est3
289 1160 332 1207 est
351 1149 427 1206 enim
448 1149 561 1224 injusta
601 1147 698 1220 ltaque
717 1149 766 1206 lex
778 1148 842 1224 ipsa

54 1237 171 1295 natura,
186 1246 247 1300 quae
260 1228 408 1284 utilitatem
421 1225 568 1284 hominum
580 1235 726 1283 conservat
736 1236 764 1283 et
775 1243 841 1284 cou-

54 1306 136 1371 tinet,
151 1305 276 1362 decernit
289 1304 424 1381 profacto,
438 1312 470 1360 ut
482 1305 516 1360 ab
534 1304 649 1360 homine
663 1304 745 1362 inerti
759 1314 842 1376 atque

53 1383 148 1442 inutili
162 1382 197 1438 ad
210 1383 376 1458 sapientem,
391 1383 506 1448 bouum,
521 1381 619 1438 sortem
642 1379 732 1438 virum
753 1393 841 1460 traus-

51 1462 179 1521 serantur
192 1477 236 1516 res
250 1459 286 1515 ad
305 1459 456 1518 vivendum
476 1459 661 1525 accesserim
683 1459 742 1531 qui,
757 1459 782 1516 si
795 1475 843 1516 oc·

53 1537 165 1603 ciderit,
180 1536 298 1593 multum
312 1536 347 1594 de
369 1537 512 1594 communi
531 1537 649 1594 utilitato
669 1536 818 1594 detraxerit
832 1554 841 1602 ς

54 1613 142 1676 modo
156 1613 210 1672 hoo
224 1614 262 1670 ita
281 1613 373 1681 faciat,
389 1625 419 1670 ut
432 1633 467 1671 ne
482 1615 544 1690 ipsc
558 1614 592 1671 de
608 1632 639 1670 se
661 1615 733 1672 benc
748 1613 844 1670 existi-

55 1711 150 1761 mans,
166 1709 285 1765 seseque
305 1690 437 1768 diligens,
452 1691 525 1749 hanc
545 1709 673 1750 caussam
694 1692 795 1749 habeat
808 1690 844 1748 ad
901 1720 904 1724 ·

57 1914 63 1926 .
88 1851 104 1883 θ
116 1847 153 1923 Oh
164 1863 217 1897 eam
227 1862 347 1897 museum
365 1847 405 1896 On
416 1853 520 1898 account
530 1846 560 1897 of
565 1863 627 1913 your
633 1863 689 1897 own
695 1852 766 1912 grem
774 1845 845 1895 velue

55 1929 160 1964 msocre
189 1947 195 1961 .

90 1979 103 2030 †
122 1920 258 2026 Gmhymcdis
270 1975 450 2026 detrahendum.
468 1976 544 2026 -Man
570 1983 622 2028 acts
629 1978 691 2027 douo
700 1975 784 2026 fortlre
793 1990 845 2040 pre-

56 2042 179 2092 servation
190 2040 220 2090 of
225 2042 267 2091 life
278 2057 336 2106 may
348 2041 419 2106 fairly
428 2043 457 2090 be
465 2043 533 2092 consi
549 2043 612 2102 ered,
621 2043 648 2092 in
656 2049 762 2092 extreme
769 2057 845 2100 casos,

56 2107 271 2170 asexceptionsto
331 2107 381 2155 eral
392 2107 464 2156 rules.
496 2107 602 2172 Injuries
619 2109 680 2158 done
696 2109 772 2157 rmder
784 2107 845 2156 such

57 2172 257 2230 circumstances,
268 2188 283 2219 o
308 2189 324 2220 a
334 2172 466 2237 pecuniary
483 2181 577 2231 nauus,
588 2189 646 2238 may
657 2173 799 2223 asterwards
815 2174 845 2221 he

57 2238 231 2300 compensated
242 2235 297 2301 fitly
307 2236 363 2285 sold.
395 2242 409 2266 ⁸⁶
418 2237 457 2285 Το
468 2254 512 2302 say
522 2238 564 2286 the
575 2239 648 2298 truth,
659 2239 726 2288 these
738 2245 846 2287 extrsnm

58 2317 127 2350 cases
144 2302 227 2352 which
244 2302 340 2364 huppen
360 2299 458 2360 scldom,
476 2303 524 2350 and
543 2303 637 2368 hardly,
647 2305 719 2352 when
737 2304 797 2366 they
814 2303 846 2351 do

58 2367 161 2430 huppen,
178 2367 256 2416 admit
271 2365 301 2415 of
315 2382 365 2430 any
381 2367 458 2415 moral
474 2383 551 2432 agene
569 2384 627 2426 ,aru
643 2369 752 2432 scarcely
767 2367 846 2416 worth

58 2431 220 2497 mentiouing,
231 2432 306 2480 much
317 2432 365 2480 less
381 2432 519 2497 debating.”
551 2384 648 2510 laley’s
658 2433 698 2482 El
709 2433 738 2482 of
750 2432 786 2481 Μ.
797 2433 846 2480 and

59 2495 88 2544 P.
99 2495 143 2543 Ph
154 2496 185 2544 iv.
197 2499 218 2545 l.
249 2497 364 2545 Cicero's
373 2495 494 2562 lanmrage
510 2497 532 2545 is
548 2504 591 2548 not
606 2499 693 2547 indeed
709 2513 738 2546 ve
788 2497 846 2561 dog-

58 2559 171 2608 matical:
187 2561 265 2609 Suum
276 2563 361 2626 cuiqroe
369 2561 695 2626 immmodumscrmdum:
712 2579 743 2611 an
782 2567 846 2626 retty

60 2623 223 2673 considerable
233 2625 333 2676 latitudo
344 2626 366 2674 is
376 2626 426 2686 loll,
437 2629 463 2676 in
474 2629 515 2676 the
526 2627 669 2690 permissiou
680 2635 706 2676 to
722 2577 782 2676 each
794 2641 846 2689 per·

60 2703 106 2738 son
122 2694 147 2736 to
163 2703 206 2738 use
226 2689 263 2738 his
283 2707 339 2739 own
361 2691 492 2742 discretiou
513 2693 539 2741 iu
555 2693 720 2768 appreciating
736 2691 775 2740 his
791 2707 847 2740 own

61 2753 141 2804 merit.
173 2753 204 2802 lu
215 2754 289 2819 doing
299 2755 355 2814 this,
366 2758 414 2805 aud
425 2773 456 2807 on
468 2759 529 2808 suoh
538 2774 570 2807 au
581 2758 694 2808 occasion
705 2773 731 2806 ιιι
742 2757 846 2820 particu-

60 2819 105 2878 lar,
117 2818 158 2867 the
175 2834 241 2870 error
252 2818 327 2884 likely
338 2827 364 2869 to
374 2822 404 2870 bs
421 2824 572 2884 committed,
582 2824 663 2875 would
674 2821 792 2889 canduly
804 2828 848 2872 not

61 2885 91 2933 he
101 2885 135 2949 by
146 2883 321 2949 uudervcluing
329 2885 402 2935 them.
