1970 3278
300 190 368 240 uun.
380 190 400 238 1.
420 187 629 240 ctexxxrv.
795 194 850 254 lot

78 346 80 352 ’
106 331 229 390 Senibus
244 339 336 390 autem
355 331 464 390 labores
487 333 612 408 corporis
633 332 788 400 minuendi,
802 352 851 400 ex·

64 411 242 471 eroitationes
258 411 344 470 autimi
355 411 438 468 etiam
451 403 602 486 eugeudae*
616 409 753 472 videntur.
775 411 851 476 Dant
890 453 892 456 -

65 488 101 546 da
133 508 200 548 vero
224 507 319 564 opera,
353 499 384 545 ut
407 500 435 546 et
462 489 577 556 amicos,
610 501 639 548 et
664 491 850 566 juventutem,

65 578 94 624 et
114 568 322 626 maximarum
346 567 487 643 publicam
511 569 630 626 consilio
654 579 683 626 et
706 569 852 645 prudentia

65 643 331 721 quamplurimum
358 644 498 720 adjuvent.
537 645 620 706 Nihil
642 657 734 705 autern
760 647 850 723 magio

64 724 221 784 uouendum
235 733 279 780 est
292 723 438 790 senectuti,
453 741 537 794 quam
552 741 587 782 ne
608 725 735 800 languori
759 745 790 784 ee
803 727 851 786 der
908 769 910 781 ,

65 801 201 872 sidiaeque
216 801 306 859 dedat.
345 801 471 858 Luxuria
494 819 561 859 vero
586 820 650 860 cum
675 804 753 860 omni
777 806 850 862 aetati

65 880 166 954 turpis,
181 890 240 936 tum
260 880 397 936 senectuti
411 878 567 936 foedissima
590 890 642 938 est.
682 881 735 940 Sin
757 892 850 942 autem

64 957 213 1015 libidinum
234 958 318 1016 ctiam
339 959 552 1033 intemperantia
572 960 729 1028 accesserit,
744 959 849 1036 duplex

64 1035 169 1092 malum
181 1044 233 1104 est,
246 1035 321 1106 quod
332 1047 360 1092 et
370 1036 433 1111 ipsa
443 1046 572 1094 senectus
583 1037 707 1113 concipit
716 1037 848 1108 dedecus,
869 1061 871 1064 ·

64 1123 94 1170 et
107 1113 172 1254 sapit
185 1113 404 1174 adolescentium
415 1113 649 1191 impudentiorem
663 1117 849 1194 intemperan-

63 1192 141 1252 tiam.

103 1271 193 1328 Aone
206 1271 276 1330 illud
289 1270 402 1343 quidem
424 1271 546 1329 alienum
569 1281 622 1340 est,
647 1271 682 1330 de
706 1275 849 1350 magistra-

52 1357 154 1415 tuum,
169 1349 203 1408 de
218 1351 399 1428 privatorum,
416 1349 467 1427 [de
481 1349 627 1428 civium,‡]
640 1350 674 1408 de
689 1353 849 1428 peregrino·

62 1443 126 1483 rum
138 1425 239 1484 officiis
253 1429 355 1486 dicere.
399 1427 454 1486 Est
473 1427 557 1505 igitur
577 1429 721 1504 proprium
745 1448 847 1486 rnunun

63 1505 251 1579 magistratus,
266 1507 429 1582 intelligere,
444 1525 475 1564 se
490 1525 597 1582 gerere,
631 1525 759 1566 erronem
781 1508 848 1564 civi·

64 1583 140 1650 tatio,
153 1583 309 1657 debereque
320 1587 381 1661 ejus
392 1585 554 1660 dignitatem
562 1593 592 1640 et
602 1526 686 1642 dpecua
698 1583 845 1650 sustinere.

63 1677 176 1720 servare
187 1663 350 1740 legeajurga
369 1661 552 1732 describere,§
566 1679 601 1716 ea
614 1660 679 1716 fidei
698 1679 757 1718 suae
771 1679 846 1717 com·

17 1751 23 1768 ³
63 1739 151 1798 missa
164 1742 338 1799 meminisse.
381 1741 524 1798 Privatum
537 1747 629 1798 autem
643 1749 752 1814 oportet
765 1756 846 1810 aequo

64 1827 92 1876 et
108 1821 168 1894 pari
189 1838 254 1878 cum
273 1819 381 1878 civibus
397 1819 461 1894 jure
475 1819 578 1884 vivere,
598 1833 690 1888 neque
716 1817 846 1875 summis-

63 1915 127 1954 sum
141 1909 169 1954 et
183 1900 432 1974 objectorumque
442 1915 473 1954 se
487 1895 668 1960 efferentem:
692 1905 751 1952 tum
761 1895 789 1952 iu
804 1913 846 1953 re·
921 1905 929 1916 '

62 1975 176 2050 publica
188 1994 222 2035 ea
235 1975 316 2044 velle,
331 1991 392 2046 quae
415 1975 602 2048 tranquillaret
623 1973 740 2032 honesta
764 1973 844 2042 sintii

63 2053 166 2188 'I'tlulenr
179 2055 256 2112 enim
279 2063 308 2112 ot
327 2054 430 2120 sentire
454 2055 560 2112 bonum
583 2053 688 2129 cincun
701 2061 730 2110 et
753 2051 845 2111 dicere

62 2149 197 2190 soemus.

100 2291 115 2322 ⁴²
134 2287 268 2354 Augendoe.
301 2285 376 2336 Bruti
395 2284 436 2336 eol
457 2287 562 2348 uo'intrt,
585 2285 612 2335 ni
634 2283 677 2336 zei
696 2285 767 2354 pigot
790 2283 844 2337 irai

61 2353 179 2418 popinatur.
211 2353 285 2402 Hom.
416 2410 420 2416 ¹

93 2419 106 2470 't
118 2419 338 2482 Intemperantiom.
349 2415 432 2464 ’Ὅπου
441 2415 620 2484 elaqueantes
627 2417 744 2485 pigriore,
755 2415 843 2480 ἀνάγκη

60 2481 103 2533 troi
117 2486 176 2534 νέους
185 2483 289 2532 irradio
300 2475 359 2532 titan
371 2481 568 2534 uroidteracior.
601 2479 661 2530 Plat.
673 2483 702 2530 de
718 2477 771 2546 Leg
789 2497 828 2528 .v.
898 2481 899 2488 ’

93 2547 262 2600 tDectuium.
295 2549 391 2596 Several
403 2547 474 2596 MSS.
486 2548 546 2596 omit
561 2545 629 2596 these
645 2547 738 2594 words:
755 2562 770 2591 o
797 2559 843 2601 ort,

60 2612 97 2670 de,
109 2613 173 2676 only.
206 2613 349 2678 Probablya
365 2612 486 2676 marginal
502 2612 574 2676 gloss,
585 2609 699 2658 intended
714 2614 739 2656 ιο
756 2609 811 2671 give
827 2611 844 2658 'a

59 2691 183 2742 synonym
194 2675 393 2740 formicularum,
402 2678 445 2725 bas
456 2679 517 2725 been
525 2675 637 2724 removed
647 2675 699 2722 into
709 2671 749 2720 the
761 2677 819 2722 text

92 2741 105 2799 d
116 2740 180 2788 Juro
192 2739 338 2789 describere:
354 2748 377 2788 to
388 2741 531 2788 administer
536 2739 635 2801 juotioe.

92 2807 102 2862 ΙΙ
116 2805 163 2853 Eu
174 2804 426 2866 igitur-efferentem.
459 2805 490 2851 In
506 2805 573 2850 these
593 2808 641 2848 two
657 2803 737 2846 uenter

59 2871 137 2920 duties
149 2868 179 2916 of
189 2884 205 2915 a
213 2883 300 2930 person
311 2868 452 2978 enercisinp¹
457 2867 613 2929 magistram,
626 2877 667 2937 ure
676 2867 719 2922 put

59 2936 133 2986 eition
145 2940 170 2982 to
180 2932 249 2981 those
261 2931 291 2980 of
301 2932 401 2980 another
413 2947 435 2980 w
452 2947 467 2978 o
476 2927 596 2978 intermed
603 2931 713 2991 punctus
