1970 3278
315 222 380 273 mn.
391 223 412 272 l.
433 223 511 273 CAP.
524 221 592 272 XLI.
803 228 856 284 121

2 401 9 433 2,
70 365 252 444 intelligimus
267 383 303 422 ex
323 367 426 442 parvis.
466 366 515 425 Ex
537 365 682 426 oculorum
699 367 806 435 obtutu,
821 385 858 426 ex

3 479 9 512 ς
69 445 284 522 superciliorum
298 454 345 501 aut
358 445 524 504 remissione
539 454 586 503 aut
601 446 800 514 contractione,
820 463 858 504 ex

68 524 212 592 rrroestitia,
236 541 273 580 ex
295 523 441 589 hilaritate,
457 541 494 580 ex
507 525 576 590 risu,
597 543 634 581 ex
652 523 804 592 locutione,
820 543 857 583 ex

3 636 6 672 3
68 602 223 668 reticentia,
250 619 287 658 ex
308 602 486 658 contentione
508 602 587 659 vocis
608 612 637 660 et
657 603 857 671 submissione,

3 715 5 750 ,
67 697 107 738 ex
135 681 235 738 ceteris
270 679 420 746 similibus,
454 678 535 736 facile
563 680 764 757 judicabimus,
789 680 857 754 quid

3 797 4 828 ,
66 777 167 816 eorum
182 769 245 834 apte
259 757 317 825 fiat,
339 749 409 829 quid
420 758 454 815 ab
468 757 562 815 officio
582 769 735 832 naturaque
754 759 857 819 discre-
947 787 949 791 ·

65 846 127 914 pet.
169 836 277 902 Quoia
292 853 393 912 genere
407 855 464 894 non
479 846 524 894 est
536 837 758 907 incommodum,
773 839 855 912 quale

65 913 193 988 quidque
208 933 304 972 eorum
325 915 371 983 sit,
393 933 430 972 ex
444 915 505 972 aliis
522 915 665 992 judicare:
687 926 727 985 ut,
750 917 857 990 siquid

65 993 201 1052 dedeceat
222 994 251 1051 in
270 993 335 1061 illis,
350 994 472 1052 vitemus
495 994 562 1071 ipsi.
601 995 649 1054 Fit
667 996 744 1054 enim
759 995 857 1056 nescio

64 1090 125 1144 quo
140 1072 234 1140 modo,
248 1081 280 1130 ut
292 1073 382 1150 magis
397 1073 427 1130 in
447 1073 509 1130 aliis
530 1076 708 1142 cemamue*
721 1091 805 1148 quam
826 1075 857 1133 in

63 1151 209 1208 nobismet
228 1151 312 1228 ipsis,
336 1152 362 1208 ei
386 1151 454 1224 quid
474 1151 654 1225 delinquitur.
695 1151 792 1226 Itaque
816 1153 857 1210 fa·

63 1229 172 1287 eillime
186 1231 363 1306 corriguntur
377 1230 408 1286 in
422 1229 567 1298 discendo,
583 1249 702 1302 quorum
714 1231 783 1290 vitia
792 1231 856 1290 imi·

63 1317 167 1375 tantur,
182 1307 350 1367 emendandi
364 1325 473 1376 caussa,
488 1309 625 1384 magistri.

106 1385 170 1442 Nee
184 1404 251 1443 vero
271 1387 394 1442 alienum
408 1395 461 1452 est,
477 1385 512 1443 ad
525 1405 560 1443 ea
572 1385 711 1462 eligenda,
727 1405 790 1460 quae
805 1385 856 1446 du·

62 1463 229 1521 bitationem
244 1463 372 1530 afferunt,
388 1463 520 1521 adhibere
534 1463 632 1522 doctos
647 1464 788 1534 homines,
810 1467 856 1525 vel

64 1541 152 1599 etiarn
174 1559 227 1608 usu
248 1539 364 1614 peritos,
386 1549 424 1607 et,
445 1541 514 1612 quid
527 1542 563 1598 iis
585 1541 620 1598 de
635 1560 748 1614 quoque
765 1543 853 1601 officii

64 1637 169 1696 genere
187 1618 304 1693 placeat,
326 1618 484 1686 exquirere.
524 1619 618 1694 Major
639 1620 715 1676 enirn
739 1639 803 1696 pars
818 1639 854 1680 eo

63 1699 124 1757 fere
138 1696 239 1754 deferri
261 1694 343 1760 solet,
367 1712 423 1767 quo
444 1714 461 1751 a
480 1703 577 1752 natura
597 1695 663 1770 ipsa
676 1695 822 1756 deducitur
832 1699 857 1763 :l

62 1778 93 1835 in
109 1777 210 1850 quibus
233 1771 386 1832 videndum
406 1781 459 1842 est,
480 1791 538 1831 non
552 1771 637 1832 modo
651 1773 720 1847 quid
734 1776 854 1851 quisque

336 1947 495 1996 euterun
510 1947 577 1996 xm.
667 2004 671 2012 ,

99 2067 114 2100 *
131 2064 198 2114 Attis
209 2080 342 2115 renuamus.
376 2065 436 2114 Hor.
447 2064 463 2112 1.
474 2063 490 2112 i.
502 2064 551 2114 Sat
563 2063 585 2114 3.
596 2081 619 2115 r.
629 2065 669 2115 23.

96 2133 110 2186 l
127 2131 223 2180 Natura
234 2133 289 2196 iper
307 2129 442 2179 deducitur.
471 2129 513 2178 We
531 2137 597 2179 murt
614 2147 644 2179 es
673 2137 696 2180 et
706 2129 745 2180 tte
754 2137 853 2196 greater

59 2203 121 2266 part
131 2196 159 2260 os
165 2211 220 2245 meu
229 2203 252 2244 to
261 2195 287 2243 be
296 2195 335 2244 ted
347 2193 439 2260 hliudly
446 2193 497 2243 aud
506 2195 644 2244 mechanica
664 2195 718 2262 uby
728 2195 790 2246 their
797 2213 853 2262 pre.

62 2263 190 2312 domiuum
197 2262 317 2337 perrierus.
334 2259 376 2335 ,It-
394 2265 461 2308 must
476 2261 505 2308 be
513 2261 636 2336 ,observed
647 2262 700 2311 thet
710 2261 734 2310 J.
746 2261 775 2337 F,
786 2263 852 2311 Heu·

62 2325 853 2455 iidhffllliladiflildissffhlrldruiiindilli?

62 2459 107 2522 ing
118 2457 145 2505 in
155 2457 221 2506 what
232 2461 327 2519 respect
337 2455 395 2519 they
405 2456 479 2504 clerh.
495 2457 536 2504 He
546 2456 675 2518 interprete
686 2457 727 2505 the
739 2465 862 2504 sentence·

62 2529 78 2552 ‘⁶
87 2522 136 2570 alio
146 2537 190 2570 nos
202 2523 295 2570 ducunt
305 2537 335 2568 ea
350 2536 404 2582 quae
416 2523 572 2582 sequuntur,’'
590 2522 642 2570 tter
651 2520 690 2569 tlte
701 2517 857 2584 ma'orityof

61 2585 181 2636 maurinu
189 2601 290 2651 approbo
297 2585 349 2633 that
357 2584 433 2632 which
438 2585 532 2634 Nature
541 2585 634 2648 herself
637 2599 706 2649 prese
725 2585 730 2595 “
746 2598 790 2641 ce,·
801 2581 852 2630 anet

2 2635 6 2657 ¹
62 2651 116 2701 thet
126 2649 247 2714 therefore,
257 2649 372 2714 although
388 2649 539 2698 individuale
555 2665 612 2714 urcy
628 2665 676 2706 err,
692 2662 742 2711 arry
771 2645 852 2695 eueral

63 2715 185 2765 maurinu
204 2731 255 2764 rom
265 2713 355 2779 arigbt
363 2715 496 2778 opinionon
504 2729 553 2778 any
562 2713 674 2777 dutyean
681 2710 727 2759 bur
753 2709 852 2760 uleer-

59 2778 152 2848 peeted.
217 2779 237 2828 's
248 2787 361 2828 sentence
373 2793 474 2840 appears
485 2783 511 2826 to
521 2775 669 2840 interrupttl

63 2842 647 2968 muneremunere
