1978 3268
321 235 387 284 LlB.
398 235 442 287 111.
457 235 638 286 ottexxlx.
815 238 872 295 297

8 437 16 456 ,
81 376 511 436 commendandum
532 379 623 456 majus
638 375 743 436 malum
757 377 873 454 turpitu-

81 455 171 514 dinel
211 455 282 521 Que
303 455 329 510 ei
348 455 377 512 in
399 454 572 516 deformitate
586 458 712 532 eorporis
726 456 811 514 hebet
824 457 873 513 ali·

81 533 152 606 quid
172 533 349 601 offensionis,
364 543 467 604 quante
486 535 535 592 ille
547 535 707 612 depravatio
720 545 749 592 et
761 533 871 592 soeditee

83 612 234 688 turpificati
247 612 335 670 animi
349 611 431 669 debet
446 611 554 669 videril

122 689 230 763 Itaque,
258 690 405 748 nervosius
433 691 482 762 qui
515 691 569 747 ista
601 689 750 760 disserunt,
778 691 871 748 eolurn

7 760 15 773 ”
83 767 187 826 audent
200 768 305 825 melum
319 767 411 826 dicere
422 767 461 835 id,
474 767 549 840 quod
561 778 640 844 turpe
651 769 706 835 εἰη
721 770 770 842 qui
780 780 873 826 autom

83 847 257 912 remissius
270 846 300 903 hi
312 857 472 904 tamennon
484 847 759 906 dubitanteummum
768 848 873 906 malum

86 925 191 984 dicere.
232 923 309 984 Nam
324 921 393 982 illud
407 925 531 998 quidem,

166 1054 268 1128 Neque
283 1053 357 1122 dedi,
375 1075 468 1130 neque
482 1056 519 1116 do
532 1049 640 1116 infideli
654 1058 796 1131 cuiquem,

84 1185 190 1244 idcireo
223 1195 297 1244 reete
332 1206 349 1243 e
382 1191 482 1262 poem
517 1190 593 1260 quia,
621 1209 687 1247 eum
715 1199 875 1248 tracteretur

84 1266 197 1332 Atreus,
219 1283 347 1340 pereonae
368 1265 566 1338 serviendum¹
582 1267 642 1324 luit.
697 1267 755 1325 Sed
774 1270 799 1326 ei
820 1267 875 1326 hoe

5 1341 14 1368 ”
83 1344 138 1401 eibi
152 1352 277 1411 sumunt,
293 1343 398 1401 nullam
410 1361 473 1402 esee
493 1342 588 1411 fidem,
603 1362 666 1416 que
685 1344 792 1402 infideli
812 1345 876 1404 dae

87 1422 134 1488 sit,
149 1421 270 1489 videent,
285 1419 322 1479 n'e'
336 1430 474 1494 queretur
485 1421 589 1479 latebre
601 1423 734 1498 perjurio.

125 1500 181 1558 Eet
196 1500 244 1577 jue
265 1501 350 1558 etiam
370 1501 513 1570 bellicum,
528 1499 654 1573 fidesque
670 1501 743 1576 juris
760 1499 874 1576 jurandi

85 1581 177 1656 saepe§
193 1597 258 1638 cum
272 1579 355 1637 hoste
369 1578 514 1639 servanda.
554 1578 638 1646 Quod
651 1578 727 1636 enirn
747 1578 785 1636 ite
799 1579 876 1656 jura·

84 1669 144 1716 turn
158 1667 211 1726 est,
226 1667 257 1715 ut
270 1676 351 1716 mens
366 1659 528 1736 conciperet
540 1657 602 1716 fieri
615 1665 753 1734 oportere,
768 1655 798 1716 id
818 1676 883 1731 sere

116 1817 131 1846 ⁸
150 1812 303 1863 Calamitoee.
341 1813 423 1872 Vim,
434 1813 537 1876 perhepe
552 1812 574 1861 ie
589 1812 630 1861 the
646 1811 741 1876 ellipse:
757 1812 811 1862 thet
825 1827 876 1879 you

84 1878 173 1927 should
183 1879 264 1927 rethor
275 1879 323 1928 live
333 1878 360 1926 in
371 1879 482 1944 diegreoe
493 1879 553 1927 then
563 1877 590 1926 in
600 1877 699 1942 mieery.

117 1945 130 1996 †
148 1941 294 1992 Remieeioe.
326 1944 408 1993 Thoee
424 1943 589 2007 philosophere
604 1948 630 1991 to
640 1943 723 1991 whom
737 1941 825 1992 Cieero
840 1941 874 1991 el·

85 2009 161 2067 ludeo,
170 2025 197 2056 ee
208 2009 282 2075 being
293 2015 358 2058 moet
366 2025 448 2059 severe
456 2009 483 2058 in
491 2004 553 2057 their
561 2007 676 2067 deeuion,
685 2023 727 2057 ere
735 2008 776 2058 the
784 2007 877 2058 Stoiee:

7 2113 11 2120 .
85 2074 127 2123 dre
138 2089 206 2122 more
217 2074 265 2134 lex,
276 2091 317 2124 ere
328 2075 369 2123 lhe
380 2074 545 2138 Peripatetiee.
556 2089 577 2121 o.
587 2071 610 2120 4.
623 2074 671 2122 end
683 2074 705 2122 7.

116 2139 127 2190 l
140 2138 254 2188 Perenne
264 2139 426 2188 seruiendum.
455 2137 506 2185 rte
515 2138 639 2186 character
644 2145 711 2187 metet
719 2137 745 2186 be
753 2137 872 2189 obemed.

84 2203 140 2253 The
152 2209 207 2265 poet
217 2205 273 2252 does
285 2211 328 2252 not
338 2203 396 2250 here
407 2209 471 2250 ulter
482 2201 521 2248 hie
530 2218 586 2250 own
594 2203 745 2264 sentimente,
753 2205 797 2254 but
805 2205 874 2254 those

86 2268 250 2318 conformeblo
262 2275 287 2317 to
297 2268 338 2316 the
350 2268 474 2315 cherecter
485 2265 617 2332 ofrltreue.

117 2333 131 2392 b
147 2331 222 2397 sepe.
233 2343 236 2348 '
255 2332 286 2380 ln
297 2333 364 2382 what
379 2347 448 2380 eeeee
463 2346 510 2379 oen
526 2347 558 2380 en
569 2333 626 2381 oeth
637 2333 666 2382 be
677 2333 777 2393 viewed,
788 2351 815 2382 ee
826 2334 874 2382 leoe

9 2394 14 2402 ’
84 2397 195 2462 binding,
206 2399 308 2446 beeeuae
324 2413 357 2446 en
372 2412 461 2461 enemy
472 2396 517 2444 hee
533 2413 565 2446 en
576 2397 676 2448 interest
686 2399 713 2448 in
723 2399 756 2447 ite
767 2400 876 2446 observe-

84 2462 155 2511 tion?
188 2463 242 2510 The
258 2462 397 2524 exceptione
413 2467 486 2520 must,
497 2469 523 2510 et
535 2463 603 2522 leeet,
614 2465 643 2512 be
659 2481 686 2512 ee
701 2477 798 2510 nerrow
810 2477 837 2509 ee
848 2461 875 2508 in

86 2542 155 2576 ceses
166 2528 247 2576 where
264 2543 277 2575 e
295 2526 471 2576 felloweitizen
490 2527 534 2576 hee
550 2528 591 2576 the
602 2544 669 2576 seme
680 2528 787 2576 interest.
819 2525 875 2574 'I'he

85 2592 203 2666 meening
218 2591 325 2657 possibly
336 2592 365 2651 ie,
376 2591 465 2641 thetin
475 2608 552 2656 meny
563 2607 638 2650 eeeee.
649 2592 690 2639 the
707 2589 839 2654 obligetion
850 2589 880 2638 of

4 2703 11 2716 ,
84 2673 100 2706 e
117 2671 267 2720 promreeory
284 2657 341 2706 ooth
358 2658 472 2716 remeine,
489 2655 606 2720 although
624 2671 662 2702 we
679 2670 743 2703 were
761 2660 786 2702 et
803 2670 876 2717 peeee

85 2722 157 2772 when
173 2721 214 2769 the
230 2721 288 2770 oelh
299 2738 350 2770 wne
362 2723 443 2780 tehen,
454 2722 502 2770 end
513 2718 656 2770 ellerwerde
666 2719 740 2767 melre
751 2734 813 2782 open
823 2735 876 2768 wer

84 2802 116 2836 on
132 2786 174 2834 the
190 2785 303 2848 imponor.
335 2786 399 2834 'I'hie
414 2787 464 2834 will
481 2784 574 2848 depond
589 2798 622 2831 on
638 2782 680 2831 the
697 2789 782 2831 netrrre
793 2783 823 2832 of
833 2784 876 2832 the

84 2851 151 2964 ppppg
161 2849 317 2964 {rprrpepgp'iph
328 2867 366 2898 we
378 2857 467 2899 munet
479 2847 603 2914 eerteinly‚
615 2848 647 2910 by
659 2863 704 2896 our
715 2862 771 2896 own
783 2855 829 2906 eet,
841 2863 876 2896 re-
