1978 3268
307 217 374 266 ΗΒ.
383 217 428 296 ΙΙΙ..
445 215 521 267 ΟΑΡ.
532 217 624 267 xxlv.
799 219 857 276 285

71 357 148 416 sacta
160 359 236 417 sinti
256 359 363 432 Siquis
375 358 609 418 medicamentum
619 357 740 436 cuipiam
752 356 857 418 dederit

71 435 111 493 ad
131 456 230 510 aquam
250 438 441 505 intercutem*
462 438 662 514 pepigeritque,
677 455 713 496 ne
733 438 781 496 illo
799 455 857 496 me·

73 513 232 573 dicamento
254 533 375 588 unquam
400 526 497 592 postea
517 526 654 584 uteretur;
675 517 700 574 si
714 535 749 574 eo
770 515 857 574 medi·

71 604 203 651 cemento
217 586 302 650 ianus
323 593 409 651 sactus
424 595 515 661 suerit,
527 605 555 652 et
574 595 654 652 annis
669 595 773 668 aliquot
792 603 857 671 post
882 645 884 650 .

73 671 205 728 inciderit
218 672 248 728 in
261 671 391 728 eumdem
406 674 542 740 morbum,
557 690 610 730 nee
623 673 657 729 ab
670 691 714 741 eo,
729 673 778 746 qui
791 690 856 730 cum

71 749 228 824 pepigerat,
244 749 381 824 impetret.
402 760 433 807 ut
452 751 551 809 iterum
571 769 605 808 eo
624 750 705 808 liceat
724 752 774 818 uti,
789 749 857 824 quid

71 825 233 884 faciendum
254 827 307 882 siti
343 827 417 885 (ium
437 829 474 885 sit
491 830 516 885 is
536 829 714 896 inhumanus,
730 829 778 902 qui
797 847 856 886 non

70 903 219 971 concedat,
244 923 297 972 nec
321 905 348 962 ei
368 905 518 978 quidquam
538 906 587 965 fiat
606 906 724 984 injurioe,
745 907 808 964 vite
828 913 857 964 et

71 981 159 1038 saluti
173 981 399 1046 consulendumd

114 1057 214 1124 Quid?
241 1061 266 1117 si
280 1061 393 1138 sepiens
407 1071 520 1138 rogatus
534 1063 568 1120 ab
583 1079 628 1132 eo,
639 1063 688 1136 qui
699 1080 765 1122 eum
776 1062 855 1120 here-

70 1135 140 1194 dem
162 1136 252 1206 faciat,
268 1157 331 1197 curn
347 1140 374 1196 ei
397 1149 563 1197 testamento
586 1142 745 1200 sestertium
764 1141 856 1200 milies

70 1213 253 1288 relinquatur,
269 1225 375 1274 utente
395 1233 480 1287 quam
494 1217 676 1276 hereditatem
690 1218 780 1288 adeat,
793 1219 856 1277 luce

5 1345 9 1368 ‚
70 1293 166 1370 palam
180 1295 210 1351 in
231 1294 292 1352 soro
312 1293 404 1360 saltet,
420 1291 449 1350 id
463 1311 494 1349 se
516 1293 653 1352 facturum
675 1297 855 1370 promiserit3

46 1365 49 1374 ’
71 1371 149 1444 quod
163 1372 242 1430 aliter
264 1370 398 1442 heredem
421 1387 486 1428 eum
506 1371 659 1447 scriptume
674 1373 721 1429 ille
742 1391 799 1430 non
813 1393 857 1434 ea·

71 1458 137 1516 set;
166 1449 259 1516 saciat,
270 1448 345 1521 quod
357 1448 524 1523 promiserit,
536 1467 588 1506 noc
597 1448 656 1506 nei
684 1449 856 1510 Promisisse
922 1479 923 1486 ¹

75 1527 193 1594 nollem,
208 1538 237 1586 et
251 1527 280 1584 id
294 1527 408 1584 arbitror
429 1526 516 1582 luisse
530 1525 670 1601 gravitatis
683 1545 692 1593 ;
723 1527 856 1597 quoniam

74 1607 217 1682 promisit,
233 1607 259 1662 si
275 1603 373 1660 saltare
387 1603 418 1660 in
436 1603 496 1660 foro
509 1612 589 1679 turpe
603 1603 695 1670 ducet,
710 1603 856 1663 honestius
914 1618 917 1624 ’

73 1685 255 1756 mentietur‚‡
275 1682 301 1738 si
323 1699 360 1738 ex
380 1681 531 1738 hereditate
553 1682 625 1738 nihil
649 1681 773 1756 ceperit:
800 1683 857 1742 nisi

72 1761 145 1818 sorte
160 1779 223 1818 eam
242 1761 390 1836 pecuniam
405 1760 433 1817 in
455 1759 496 1816 rei
518 1759 637 1835 publicae
654 1777 787 1835 maguum
809 1761 857 1818 ali·

72 1839 151 1912 quod
173 1849 284 1914 tempus
310 1837 458 1896 contulerit
469 1840 494 1910 ;§
526 1847 558 1894 ut
580 1838 626 1894 vel
653 1837 762 1905 saltare,
792 1855 856 1898 cum

70 1919 171 1994 patris
185 1915 363 1974 consulturus
377 1917 424 1984 sit,
441 1925 519 1992 turpe
534 1916 650 1974 nonsit.

106 2075 122 2108 ³*
134 2069 516 2120 Medicamentum-iumentum.
549 2069 580 2118 ln
601 2070 703 2120 medical
724 2071 772 2121 und
793 2072 857 2138 agri-

71 2135 178 2188 cultural
189 2134 290 2192 writers,
301 2133 362 2182 aster
376 2135 417 2182 tho
428 2135 573 2198 preposition
587 2135 691 2186 ad-the
706 2136 787 2200 ellipse
798 2137 828 2188 of
841 2155 857 2188 ι

71 2201 198 2266 participle
210 2215 237 2248 or
252 2199 397 2264 adjectiveu
423 2215 473 2257 um,
481 2199 600 2259 idoneum,
611 2200 666 2260 duc,
676 2201 810 2268 frequently
818 2219 857 2253 oc

72 2283 137 2317 curs.
169 2266 238 2322 Ceto,
253 2279 274 2312 c.
293 2263 344 2312 115.
373 2269 387 2292 “
416 2263 485 2312 inum
506 2266 537 2313 ad
554 2265 634 2316 alvum
658 2268 857 2318 movendam.”-

73 2349 94 2382 c.
113 2332 167 2380 127.
190 2329 303 2378 “Vinum
321 2329 351 2377 ed
368 2330 553 2394 strmrguriam.”
584 2331 724 2391 Columella,
743 2333 774 2382 vi.
795 2333 857 2382 “Ad

72 2397 180 2445 maciem
191 2395 258 2444 nulla
269 2411 307 2443 res
316 2401 410 2444 tentum
421 2401 538 2457 quantum
548 2397 643 2446 medica
653 2399 752 2462 potest’'
783 2395 856 2446 corn.

71 2461 166 2519 Celsus,
181 2461 212 2509 vi.
228 2461 250 2508 6,
283 2459 435 2522 “Liquidum
452 2461 654 2512 medicamentum
668 2463 699 2512 ad
714 2462 780 2511 idem
792 2476 855 2512 com·-

71 2527 199 2590 ponebut''
232 2525 341 2583 Ibid,28.

105 2592 119 2644 †
137 2589 325 2638 consulendum.
356 2589 414 2638 And
429 2590 546 2641 therefore
562 2590 602 2639 the
617 2589 721 2653 promise
736 2587 798 2638 need
813 2595 857 2639 not

72 2657 102 2705 be
114 2656 145 2703 lre
163 2661 179 2702 t.

105 2719 116 2772 i
133 2671 264 2768 llorwetius
279 2720 425 2768 mentietur:
445 2719 465 2766 u
483 2717 534 2768 mill
549 2717 575 2766 de
588 2717 636 2766 less
654 2715 809 2766 dishonoratt

73 2783 162 2834 violate
171 2783 210 2832 the
216 2784 327 2846 promise.

106 2849 119 2907 h
135 2845 419 2912 Magnem-omuoteru
458 2845 544 2896 Uoleso
559 2860 593 2892 un
603 2845 711 2896 occasion
726 2845 765 2896 σή

73 2915 124 2962 lim
132 2921 155 2960 to
164 2911 255 2976 employ
265 2911 316 2959 tlot
326 2925 380 2960 sum
391 2911 418 2957 iu
426 2925 489 2959 some
494 2925 597 2975 purpose
608 2909 752 2975 tignybear

74 2980 232 3039 liacuuutry.
