1984 3276
168 184 207 239 54
449 178 497 225 nu
515 174 666 226 ormcns.

498 295 512 317 0

168 343 243 390 mus,
257 333 350 380 tamen
363 328 416 377 uos
430 328 534 388 movet,
546 328 628 392 atque
636 317 688 386 illi,
698 317 727 374 in
742 333 798 390 quo
811 313 848 376 id
862 314 976 377 inesse

169 403 285 467 videtur,
301 400 405 456 amicos
419 398 493 455 facit.

208 481 247 537 Et
267 475 548 550 quamquam‘omnis
568 476 655 532 virtus
675 492 728 532 nos
754 470 788 531 ad
801 493 855 533 ‘se‘
872 477 974 534 allicit

169 559 299 628 facitque,
316 566 353 613 'ut
364 569 413 612 eos
434 555 593 631 diligamus,
608 554 752 625 inquibus
774 553 842 626 ipsa
867 555 972 612 inesse

117 647 122 654 ·
169 635 308 693 videatur:
332 645 424 691 tamen
441 634 567 709 justitia,
578 639 609 689 'et
623 631 772 688 liberalitas
785 631 814 688 id
830 635 971 691 maxime

169 713 263 771 efficit.
288 713 368 770 Nihil
382 723 474 770 autem
488 721 531 768 est
542 710 696 776 amabilius,
706 712 971 786 neccopulatius‚*

171 799 255 864 quarn
282 810 391 848 morum
421 789 584 863 similitudo
601 791 747 846 bonorum.
787 788 821 846 Iti
855 791 967 862 quibus

171 871 246 926 enim
262 869 359 926 eadem
374 868 465 925 studia
479 879 552 933 sunt,
567 867 672 924 eaedem
686 867 862 935 voluntates,
876 869 910 926 i'n
923 870 966 926 his

171 949 211 1012 fit,
227 958 257 1004 ut
271 958 348 1019 aeque
363 947 484 1018 quisque
503 945 588 1002 altero
603 945 761 1019 delectetur,
780 963 813 1002 ac
827 965 863 1003 se
878 947 963 1022 ipso:

172 1025 344 1097 efficiturque
359 1025 398 1091 id,
415 1023 489 1096 quod
505 1022 694 1100 Pythagorasl
705 1025 764 1080 vult
777 1024 808 1083 in
821 1026 963 1092 amicitia,

171 1116 203 1160 ut
217 1109 287 1162 un'us
303 1103 351 1160 fiat
372 1103 556 1177 expluribus.
594 1103 705 1178 *Magna
718 1103 801 1160 etiam
817 1102 870 1160 illa
885 1121 963 1161 com·

174 1183 293 1240 munitas
307 1182 359 1248 est,
372 1200 433 1253 quae
445 1181 591 1237 conficitur
601 1199 638 1237 ex
649 1181 792 1238 beneficiis
805 1181 883 1239 ultro
891 1183 963 1240 citro

173 1260 243 1317 datis
270 1261 464 1336 acceptisque,
490 1278 551 1330 quae
571 1268 599 1314 et
618 1269 722 1326 mutua,
740 1269 772 1316 et
791 1270 871 1334 grata
893 1261 960 1318 dum

172 1348 247 1404 sunt,
276 1338 347 1394 inter
373 1344 443 1411 quos
471 1355 505 1394 ea
531 1348 605 1405 sunt,
632 1337 713 1394 firma
746 1337 961 1412 devinciunturss

174 1417 321 1474 societate:
550 1466 557 1486 ,ἵ
759 1473 762 1478 ,
847 1450 848 1453 ¹

213 1495 270 1552 Sed
297 1512 362 1552 eum
389 1494 484 1552 omnia
510 1493 615 1550 ratione
643 1493 791 1566 animoque
819 1493 957 1562 lustraris,

174 1569 300 1632 omnium
314 1574 477 1631 societatum
492 1574 568 1630 nulla
580 1581 624 1629 est
637 1574 755 1648 gravior,
766 1573 844 1629 nulla
857 1575 957 1640 carior,

175 1673 257 1726 quam
279 1658 320 1721 ea,
336 1671 397 1726 quae
419 1671 483 1709 cum
498 1671 526 1709 re
541 1652 652 1728 publiea
665 1660 708 1708 est
720 1651 873 1724 uuicuique
896 1671 958 1711 uos·

206 1808 222 1840 ⁸
241 1807 402 1868 copulatius..
424 1808 521 1855 Passive
539 1807 678 1866 participles
699 1822 741 1854 are
758 1808 898 1856 sometimes
910 1824 957 1856 em·

175 1871 265 1931 ployed
282 1871 306 1915 iu
324 1873 364 1917 tlre
381 1887 450 1917 sense
462 1864 491 1916 df
499 1874 540 1918 the
555 1871 687 1930 adjectives
700 1871 724 1916 in
742 1870 813 1919 bitis.-
830 1887 857 1918 ns
876 1875 956 1933 “Quse

175 1935 240 1980 enirn
252 1947 299 1977 vox
311 1942 390 1990 potest
402 1949 454 1979 esse
464 1936 625 1992 contemptior
635 1949 706 1992 quam
720 1935 819 1981 Milonis
828 1936 956 1983 Crotonis·

42 2006 44 2013 ’
84 2033 87 2040 ,
176 1997 232 2042 tae.‘'
265 1990 328 2040 Cato
348 1996 438 2064 Majop,
450 1996 472 2042 9.
495 1993 620 2055 'Accessum
638 2002 778 2059 conspectus,
799 1998 909 2069 insectus,
919 2000 953 2047 ins

176 2058 258 2113 norm,
275 2056 318 2104 dte.
332 2073 373 2103 are
387 2061 460 2105 found
475 2062 532 2105 used
547 2061 570 2106 in
582 2061 702 2106 esimilur
718 2077 798 2108 sense.
829 2063 856 2110 ln
874 2066 953 2116 Greek

176 2124 217 2169 tlte
239 2135 306 2166 rame
318 2121 501 2181 interpretation
521 2125 540 2170 is
553 2124 714 2183 occasionelly
735 2134 777 2183 put
794 2140 829 2172 on·
842 2128 884 2174 the
900 2143 953 2187 pes·

177 2186 227 2233 sive
239 2185 299 2243 perf,
313 2193 369 2242 port
384 2204 391 2232 ε
411 2187 518 2246 lleyne's
536 2189 638 2246 Homer,
649 2187 698 2233 xiv.
711 2189 763 2236 196.
784 2191 825 2236 tith
838 2191 883 2238 vol.
900 2194 951 2245 565,

176 2250 227 2325 lior
236 2247 375 2359 copugptsigs,
388 2249 478 2310 Bishop
488 2252 577 2299 Pearce
586 2265 706 2311 approves
714 2251 870 2315 copula-nius,
878 2256 951 2310 found

178 2325 279 2358 insumo
356 2347 363 2362 .
845 2336 846 2341 ¹

209 2375 222 2425 †
240 2374 396 2437 Pythagoras.
432 2377 504 2425 Conf.
516 2379 554 2426 De
567 2380 642 2439 Legg.
655 2378 670 2424 i.
685 2379 721 2424 12.
755 2381 808 2427 The
819 2396 884 2429 seme
900 2383 950 2442 plri-

179 2441 291 2499 losopher
312 2443 402 2500 replied
424 2449 456 2487 to
472 2444 524 2490 the·
535 2444 640 2502 inquiry,
660 2443 732 2489 What
751 2459 801 2490 was
818 2460 833 2491 a
854 2445 949 2496 friend?

187 2512 265 2556 Αλλος
282 2503 333 2568 ipit
366 2507 417 2552 The
441 2509 498 2552 verb
514 2507 572 2554 uelle
592 2507 612 2551 is
631 2508 767 2568 frequently
785 2511 909 2571 employed
924 2512 950 2559 itt

98 2610 101 2615 .
180 2570 328 2629 defining,e.
347 2570 384 2618 27.
419 2568 542 2632 Deficiunt
559 2574 586 2616 ut
601 2569 628 2615 id
643 2571 754 2617 decorum
769 2572 848 2621 setini.
878 2573 947 2623 Tute.

180 2635 209 2686 Q.
220 2635 242 2680 4.
249 2655 264 2718 ζ,
276 2633 292 2662 “
302 2633 590 2705 Opinationem-volont
601 2647 653 2680 esse
673 2634 819 2681 imbecillem
831 2643 945 2687 assensio·

181 2710 425 2882 ζὲῃέευίπὲἑτὲῗυν.
446 2757 569 2809 Subintell.
577 2757 815 2824 itti-rtnwperrom
823 2764 946 2815 areentur

221 2836 236 2868 a
267 2837 304 2871 rm
379 2859 384 2872 .
