1970 3272
138 227 193 280 158
445 222 493 270 DE
512 221 664 271 omens.

136 376 263 442 putatum
287 364 352 430 aih*
372 363 421 435 qui
441 381 527 420 unam
547 362 672 429 haberet,
693 379 793 420 omnes
820 361 926 422 habere

137 447 272 511 virtutem
293 459 369 500 nuno
395 441 435 498 ita
454 441 612 518 sejungam,
634 442 715 513 quasi
734 441 826 518 possit
849 444 927 515 quis-

51 521 59 534 ⁵
137 541 230 595 quarn,
242 521 291 594 qui
304 517 450 578 nunidem
469 519 592 594 prudens
604 521 650 586 sit,
659 519 754 596 justus
765 537 848 577 esse:
871 522 927 578 aha

137 612 180 658 est
194 601 250 666 illa,
266 617 331 656 cum
344 598 447 659 veritas
461 597 525 675 ipsa
538 598 663 660 limaturl
675 599 705 656 in
725 598 926 674 disputatione,

137 678 296 744 subtilitas3
318 677 382 746 alia,
406 695 471 734 oum
499 675 534 734 ad
554 677 717 752 opinionem
743 694 927 735 communem

138 756 231 813 omnis
252 754 479 814 accommodatur
498 755 597 812 oratio.
637 755 730 821 Quam
751 755 788 812 ob
809 773 881 829 rem,
895 763 928 813 ut

138 833 251 909 vulgus,
267 835 306 892 ita
318 852 371 891 nos
387 833 516 892 hocloco
529 833 680 904 loquimur,
694 842 725 891 ut
744 832 814 890 alios
829 833 926 900 sortes,

138 912 209 969 alios
224 913 314 970 bonos
336 912 423 977 viros,
439 911 508 968 alios
531 909 682 988 prudentes
703 929 767 968 esse
788 910 927 968 dieamus,

139 990 327 1066 Popularibus
342 989 419 1048 enim
440 988 532 1045 verbis
546 997 590 1044 est
603 988 753 1064 agendum,
764 997 793 1046 et
804 990 927 1058 usitatis,

139 1088 202 1125 cum
218 1068 360 1141 loquimur
373 1066 407 1124 de
421 1067 556 1142 opinione
572 1067 711 1142 populari,
726 1067 811 1140 idque
825 1067 928 1126 eodem

139 1146 224 1204 modo
238 1147 305 1204 feeit
327 1145 481 1204 Panaeuus.
521 1143 578 1202 Sed
592 1144 626 1202 ad
640 1146 816 1223 propositum
837 1164 932 1204 rever·

138 1236 238 1283 tamur.

177 1303 248 1361 Erat
260 1304 345 1380 igitur
357 1321 395 1362 ex
416 1304 514 1371 tribus,
529 1321 592 1376 quae
616 1303 651 1362 ad
670 1305 788 1382 gloriam
807 1306 931 1382 pertine·

139 1391 209 1448 rent,
225 1382 280 1440 hoe
297 1382 421 1449 tertium,
435 1392 467 1440 ut
487 1401 552 1440 cum
572 1382 754 1444 admiratione
767 1385 930 1454 hominum,

139 1461 247 1518 honore
261 1462 295 1518 ab
309 1461 345 1517 iis
357 1459 436 1538 digni
446 1461 646 1538 judicaremur.
687 1462 868 1521 Admirantur
879 1463 931 1538 igi-

63 1605 71 1619 „
141 1553 185 1596 rur
198 1539 384 1596 communiter
396 1540 438 1596 illi
452 1539 566 1613 quidem
580 1541 685 1608 omnia,
700 1560 762 1613 quae
775 1559 888 1617 magna,
903 1551 934 1598 et

140 1627 240 1693 praeler
257 1618 421 1694 opinionem
437 1637 516 1676 suam
532 1619 798 1676 animadverterunlt
820 1637 934 1694 separa·

140 1697 191 1753 tim
212 1706 304 1754 autem
324 1697 355 1755 in
375 1697 504 1774 singulis,
520 1697 546 1754 ei
562 1697 736 1772 perspiciunt
749 1713 802 1751 nec
816 1698 935 1771 opinata

140 1775 267 1848 quaedam
276 1776 359 1833 bona.
397 1775 495 1848 Itaque
509 1793 559 1832 eos
570 1774 646 1830 viros
660 1771 826 1846 suspiciunt,
838 1776 934 1833 maxi·

140 1853 251 1926 misque
265 1851 385 1910 efferunt
396 1853 535 1916 laudibuS‚
549 1851 580 1906 in
594 1850 694 1920 quibus
715 1849 878 1908 existimant
899 1872 933 1911 se

140 1931 310 1987 excellentes
345 1930 489 2002 quasdam,
518 1938 546 1984 et
578 1925 734 2002 singulares
769 1929 933 2006 perspicere

141 2009 273 2064 virtutes:
295 2006 455 2082 despiciunt
474 2016 567 2062 autern
587 2023 637 2061 eos
651 2015 680 2062 et
692 2015 886 2077 contemnunt,
901 2011 932 2067 in

140 2085 240 2155 quibus
263 2084 335 2140 nihil
356 2084 476 2151 virtutis,
490 2081 563 2140 nihil
582 2083 678 2150 animi,
693 2084 766 2142 nihil
779 2103 931 2145 nervorum

140 2171 246 2238 putant.
281 2162 351 2220 Non
361 2162 437 2219 enim
448 2179 547 2220 ornnes
558 2179 608 2218 eo
620 2171 812 2231 contemnunt,
823 2164 859 2222 de
870 2167 932 2237 qui·

141 2241 192 2295 bus
206 2239 279 2297 male
293 2241 464 2297 existimaui„
505 2240 582 2298 Nam
596 2259 667 2313 quoa
682 2242 836 2318 improbos,
845 2244 932 2301 male·

141 2317 230 2387 dicos,
239 2313 427 2379 fraudulentus
436 2328 544 2396 putant,
554 2319 623 2378 etad
633 2319 788 2379 faciendam
798 2321 930 2398 injuriam

438 2510 602 2562 CHAPTER
618 2511 648 2561 X.

142 2638 367 2752 libl‘vDiapututum
378 2641 418 2690 eit.
451 2641 614 2708 Particulurly
625 2642 700 2692 Tusc-
711 2641 743 2700 Q.
754 2643 770 2692 l.
780 2642 815 2692 iii.
826 2641 865 2692 De
876 2642 932 2694 Fin.

174 2766 187 2817 †
204 2767 326 2820 bimetur.
358 2771 421 2821 This
432 2773 557 2835 metaphor
569 2772 591 2821 is
602 2773 676 2822 talren
687 2741 750 2822 from
761 2773 801 2822 thu
812 2772 874 2831 trial,
887 2773 930 2821 the

143 2830 266 2901 pplishing
282 2836 312 2884 of
323 2838 417 2896 metus,
428 2840 461 2901 by
477 2854 562 2886 means
574 2838 604 2886 of
614 2855 629 2886 a
645 2838 691 2888 filo.
723 2837 817 2886 “Lima
832 2837 930 2900 superfi-

143 2906 206 2941 ciem
218 2899 304 2958 aufert,
315 2907 339 2950 et
349 2904 413 2967 quod
425 2904 506 2952 subter
518 2903 613 2962 lutabat,
624 2903 738 2969 detegit.”
770 2901 908 2952 Faeniolati.
