1970 3278
239 271 248 283 .
287 281 289 288 ,
335 233 442 288 mult
462 232 583 284 etun·
808 237 876 294 1³5.

119 377 201 438 Nihil
215 394 296 454 agere
310 386 403 436 autem
424 395 489 436 cum
504 377 614 435 animus
634 393 693 434 non
713 385 819 452 posset,
834 377 865 434 in

5 497 6 506 κ
80 456 237 516 tricundio
258 457 292 514 ab
312 456 392 516 initio
412 458 555 514 versatus*
575 455 673 522 aetatis,
695 455 864 521 existimavi,

80 536 286 606 honestissime¹
314 535 456 592 molestias
477 553 562 609 posse
583 533 697 610 deponi,
718 535 746 591 si
763 551 810 591 me
831 531 866 590 ad

5 673 10 694 ‚
80 614 289 694 philosophiam
303 613 471 670 retulissem.
484 611 544 669 'eut
554 631 617 670 cum
630 613 747 670 multum
760 612 867 669 adoles·

5 701 9 710 '
78 711 148 750 cens
168 691 295 749 discendi
309 709 409 748 caussa
424 692 559 766 temporis
575 691 869 767 tribuissem,⁴postea

81 789 166 843 quam
186 771 339 828 honoribus
359 770 495 827 inservire
508 769 593 845 ooepi,
608 788 710 840 meque
725 781 813 826 totum
826 767 868 826 rei

80 849 200 926 publice
227 848 341 915 tradidi3
371 859 478 905 tanturn
505 858 564 904 erat
585 847 774 924 philosophiae
800 845 867 914 loci,

5 931 11 948 '
80 936 217 1000 quantum
228 926 401 1002 superfuerat
411 927 565 983 amicorum
577 936 606 982 et
618 922 788 1002 reipublice
800 934 869 982 tem·

8 1049 9 1056 ,
82 1003 173 1082 porisl
212 1003 244 1062 Id
256 1015 348 1062 autem
362 1023 446 1062 omne
459 1005 676 1064 consumebatur
689 1006 719 1064 in
733 1003 868 1081 legendo;

82 1081 223 1141 scribendi
236 1084 325 1142 otium
339 1102 398 1142 non
411 1093 479 1142 erat.

5 1225 23 1318 ³2
82 1269 172 1331 cte.
185 1269 225 1330 Π.
246 1269 365 1330 Laudes
374 1268 566 1348 philosophiae
571 1270 768 1350 persequitur.
791 1263 871 1342 Quid

5 1383 8 1418 2
314 1349 444 1408 sentiant
458 1347 636 1409 Academici.

123 1496 259 1556 Mtxrnrs
270 1497 357 1574 igitur
367 1497 397 1555 in
409 1497 491 1554 malis
502 1497 559 1554 hoc
570 1505 662 1554 tamen
673 1496 741 1554 boni
752 1495 873 1554 assecuti

5 1605 6 1612 ¹
81 1575 221 1642 videmur,
236 1587 267 1633 ut
279 1595 312 1634 ea
326 1577 425 1633 litteris
440 1575 645 1641 mandaremuS,
662 1594 723 1647 quae
738 1594 790 1632 nee
804 1575 872 1632 satis

77 1666 162 1721 ,erant
175 1663 241 1711 nota
254 1655 367 1723 nostris,
382 1665 411 1712 ct
430 1665 507 1712 erant
521 1654 680 1728 cognitione
695 1653 870 1730 dignissima.

5 1777 6 1808 ἶ
83 1733 160 1801 Quid
185 1743 228 1790 est
251 1735 337 1802 enim,
379 1752 410 1790 er
434 1733 512 1799 deos,
537 1732 687 1807 optabilius
715 1731 871 1807 sapientiai

5 1849 6 1884 ,
83 1812 153 1885 quid
174 1753 378 1888 praestantiusi)
399 1811 467 1885 quid
488 1809 630 1889 [homini]
652 1809 775 1867 meliust
806 1809 875 1883 qnid

83 1891 200 1949 homine
233 1891 366 1966 dignius?
408 1890 492 1948 Hanc
528 1890 612 1966 igitur
646 1890 694 1962 qoi
728 1895 873 1966 expetunt,

84 1969 250 2046 philosophi
270 1969 463 2027 nominantur:
490 1985 543 2027 nec
564 1967 715 2042 quidquam
736 1967 811 2027 aliud
831 1977 875 2026 est

82 2047 277 2124 philosophia,
292 2048 318 2106 si
338 2049 511 2127 interpretari
531 2048 613 2117 velis,
631 2061 731 2126 praeter
749 2047 873 2107 studium

117 2205 133 2236 ¹
145 2201 184 2252 At
194 2203 264 2252 initio
275 2211 393 2253 ansatus.
426 2203 457 2252 In
472 2203 579 2253 Cicero's
594 2215 705 2269 younger
715 2205 785 2269 days,
795 2204 875 2253 litera„

83 2274 139 2318 ture
150 2284 202 2318 was
215 2270 264 2318 still
275 2285 290 2316 a
302 2276 413 2334 stranger
424 2268 450 2316 in
463 2269 548 2327 Rome,
566 2271 614 2317 and
631 2271 746 2334 probably
764 2269 791 2318 in
802 2284 875 2317 ¹sorae

83 2335 174 2399 degree
184 2335 326 2397 unpopulor,
338 2349 364 2382 as
376 2333 519 2399 interfering
534 2333 594 2382 with
611 2334 719 2398 military
733 2335 840 2398 purnuits
851 2339 877 2382 to

83 2399 168 2448 which
187 2400 229 2447 the
248 2399 367 2448 attention
386 2398 415 2446 of
432 2399 509 2462 youth
528 2415 580 2448 was
598 2400 744 2463 exclusively
762 2399 876 2448 directed.

83 2464 182 2528 Hardly
193 2481 209 2514 a
219 2471 322 2528 century
333 2463 382 2511 had
397 2463 493 2525 elapsed
509 2463 576 2513 since
591 2480 607 2512 a
617 2465 720 2514 Senatus
730 2464 875 2512 Considium

83 2529 204 2578 benished
215 2531 255 2578 the
266 2529 349 2576 Greek
359 2527 510 2587 instructore,
521 2529 597 2578 called
608 2529 780 2592 philosophers.

118 2593 132 2645 i
145 2593 421 2657 Quantum-campove.
454 2593 484 2642 In
496 2610 562 2642 some
570 2595 638 2657 ea'rly
650 2594 759 2650 editione,
771 2593 807 2640 for
819 2598 876 2640 teni-

80 2658 160 2734 poria,
172 2658 196 2734 in¹
204 2659 279 2708 found
289 2657 446 2734 temporibus.-
463 2659 593 2722 according
608 2665 633 2705 to
646 2658 687 2710 the
702 2663 798 2719 present
809 2656 876 2704 read-

84 2722 751 2852 &attituletuthlffinletatuttt?
760 2721 876 2847 ,teth
978 2755 979 2758 ‘

84 2853 200 2918 temporie
211 2853 365 2920 superfuerat
376 2851 478 2914 tempori
487 2852 626 2906 amicorum,
638 2856 660 2896 et
665 2847 767 2912 publice
778 2852 833 2908 rei,-
848 2865 876 2898 or

5 2971 6 2976 ,
83 2919 164 2978 rei,-
172 2916 326 2983 ruperjucmt
336 2917 372 2966 rei
382 2917 555 2991 amicorum—et
562 2912 717 2978 pellicerii.
