1984 3276
323 204 388 254 LIB.
398 202 418 252 l.
435 201 511 253 cAP.
522 203 588 251 XV.l
809 202 847 258 47

12 343 14 352 ’
46 367 125 408 mus
140 341 210 424 eiga
223 365 286 412 nos.
302 357 330 404 et
344 345 530 404 communitas
545 363 577 401 ae
591 343 709 402 societas
730 343 805 406 vite,
820 349 849 398 et

49 429 89 486 ad
115 438 227 484 nostras
241 426 373 502 utilitates
388 424 480 482 officia
500 433 564 480 ente
585 423 693 479 collata.
732 422 803 487 Quae
818 431 849 478 ut

48 516 230 563 concurrant
250 504 353 569 omnia,
369 503 489 578 optabile
510 513 571 569 est;
594 501 619 557 si
633 501 738 566 miuus,
751 499 847 578 plures

50 603 171 642 caussae
187 577 362 657 mojoresque
376 580 507 656 ponderis
522 581 585 656 plus
600 579 749 636 habebunt.

53 739 154 796 CAP.
175 737 242 795 XV.
286 735 341 794 Cui
363 734 528 813 plurimum
542 734 687 792 debeatur.
722 732 849 792 Nullum

98 815 230 962 &scium
246 813 395 892 reserenda
408 815 509 891 gratia
523 812 622 889 magis
642 813 848 871 necessarium.

133 893 189 950 uid
210 901 236 950 et
258 893 290 951 in
310 891 472 952 collocando
487 891 587 969 (fficio,
602 890 676 954 etin
700 889 848 970 reserenda

101 971 217 1048 gretia,
231 971 445 1029 observandum
458 970 507 1028 sit.

103 1113 245 1178 Quounn
270 1122 361 1188 autent
378 1113 479 1170 vivitur
499 1129 559 1179 non
576 1129 641 1168 oum
655 1109 783 1186 perfectis
798 1109 848 1168 ho·

60 1194 189 1250 minibus
219 1193 357 1266 planeque,
375 1191 559 1264 sapientibus,
583 1189 633 1246 sed
660 1207 728 1245 cuin
748 1189 794 1255 iis,
817 1188 847 1245 in

62 1270 167 1341 quibus
182 1270 311 1344 praeclare
327 1267 424 1343 agitur,
440 1269 465 1324 si
479 1277 545 1324 suut
557 1267 705 1324 simulacra
719 1266 845 1328 vittutis:

63 1349 151 1404 etiam
164 1347 219 1403 hoo
244 1345 453 1421 intelligendum
475 1356 553 1420 puto,
575 1346 717 1402 neminem
731 1344 847 1408 omniuo

64 1441 131 1479 esse
147 1424 354 1498 negligendum,
366 1425 394 1480 iu
410 1442 466 1496 quo
478 1424 570 1493 aliqua
584 1422 750 1498 significatio
765 1422 848 1480 virtu·

67 1501 105 1556 tis
128 1512 274 1573 appareat;
297 1501 443 1558 colendum
459 1513 550 1558 autem
565 1519 628 1556 esse
650 1501 687 1556 ita
707 1518 846 1573 quemque

69 1577 203 1642 maxime,
218 1587 248 1632 ut
272 1577 390 1647 quisque
411 1579 532 1634 maxime
554 1579 699 1635 virtutibus
721 1579 765 1634 bis
778 1579 847 1636 leui·
929 1603 930 1608 ¹

70 1654 164 1712 oribus
174 1655 846 1732 eritoruatus‚m0destia,temperantia‚haeipa,

69 1733 105 1790 de
116 1751 170 1803 qua
179 1733 238 1808 jani
255 1731 341 1789 multe
352 1731 424 1788 dicta
435 1742 508 1797 sunt,
519 1733 636 1807 justitia.
679 1735 754 1792 Nam
767 1733 846 1790 fortis

69 1812 177 1868 animus
193 1822 220 1868 et
239 1829 367 1886 magnus,
383 1812 412 1866 in
433 1810 547 1888 homine
573 1830 629 1870 non
649 1813 772 1888 prolecto
793 1830 846 1870 neo

70 1890 203 1964 sapiente,
218 1889 368 1946 ferventior
387 1889 550 1964 plerumque
577 1901 636 1958 est;
658 1892 712 1948 illae
732 1891 846 1948 virtutes

70 1970 157 2024 virum
177 1970 282 2026 bonum
309 1966 436 2025 vitientur
455 1969 547 2044 potius
569 1971 711 2047 attingere.
752 1969 843 2042 Atque

70 2047 129 2103 haee
143 2047 170 2102 iu
185 2047 319 2104 moribus
755 2102 756 2106 ,

110 2124 151 2181 De
164 2123 357 2181 benevolentia
378 2133 480 2186 autem.
496 2143 580 2196 quam
603 2125 721 2196 quisque
747 2125 847 2182 habeat

71 2222 134 2280 erga
154 2223 216 2269 noe,
232 2203 353 2278 primum
367 2202 435 2259 illud
450 2215 493 2260 est
507 2203 536 2259 in
551 2203 654 2268 officio,
676 2214 707 2259 ut
720 2203 746 2260 ei
760 2203 846 2280 pluri-

12 2339 13 2352 ¹
73 2301 144 2340 mum
158 2282 320 2346 tribuamus
331 2300 347 2342 a
360 2299 416 2351 quo
433 2281 584 2356 plurimum
597 2280 747 2355 diligimur.
788 2281 846 2340 Sed

72 2359 287 2417 benevolentiam
299 2377 355 2414 non
367 2357 634 2416 adolescentulorum
647 2377 735 2426 more,
748 2359 845 2417 ardore

12 2497 14 2510 ,
74 2438 185 2508 quodam
196 2437 308 2502 arnone,
321 2435 370 2492 sed
384 2437 531 2493 stabilitate
540 2437 633 2511 potius
649 2445 677 2493 et
690 2437 845 2495 constantia

12 2517 13 2524 ’
71 2515 232 2590 judicemus.
274 2514 325 2572 Sin
348 2526 428 2570 erunt
452 2515 558 2580 merita,
580 2523 610 2571 ut
632 2533 688 2572 non
710 2513 841 2580 ineunda,

12 2641 15 2668 l

12 2705 15 2732 l

75 2591 121 2648 sed
134 2591 272 2650 reserenda
291 2591 327 2648 sit
340 2593 456 2668 gratian
471 2591 560 2667 major
573 2592 699 2664 quaedam
719 2609 785 2648 eura
798 2589 844 2646 ed·

320 2747 490 2794 'CHAPTER
505 2747 557 2794 XV.

108 2859 120 2890 *
132 2855 287 2918 Sin-gratio.
306 2859 351 2906 But
362 2860 383 2905 if
388 2859 536 2918 obligations
544 2859 606 2906 exist
615 2858 655 2922 :it’
662 2869 698 2904 we
708 2868 750 2902 tue
762 2862 806 2902 not

80 2921 162 2977 conset,
175 2921 215 2966 but
226 2928 251 2966 to
264 2929 344 2968 return
357 2937 373 2970 s
382 2923 474 2968 favour.
