1978 3268
144 182 204 238 235
436 179 653 246 unorrtcns.

61 331 64 336 ‘
145 341 197 401 per
210 340 242 381 ae
256 323 318 400 ipsa
331 321 463 398 fugienda
476 340 540 380 esse
555 321 719 382 concedant.
760 319 820 380 Sed
830 320 948 400 jamad

145 401 322 493 propositum
336 410 514 459 revertamur.
757 409 760 416 '

77 573 81 579 ¹
148 589 236 649 GAP.
256 589 295 647 Χ.
341 586 397 647 Uti
417 588 495 648 deest
519 551 654 649 honestos
685 589 728 648 ibi
748 588 866 649 nullam
881 608 946 649 ease

179 666 354 746 vutilitatem.
398 667 651 737 omnituentes,
666 675 784 748 occepta
798 668 942 748 justitia.

186 745 352 805 amicitiam
366 746 597 826 anteponendum
611 763 682 806 esee.

185 887 333 946 lucianus
352 888 446 946 multa
466 906 542 964 saepe
562 905 680 956 caussa,
695 905 758 962 que
771 890 945 950 conturbent

148 967 257 1026 animos
269 965 393 1023 utilitatis
406 965 519 1040 specie;
534 984 601 1031 non,
617 985 682 1024 cum
693 966 748 1024 hoc
760 965 942 1037 deliberetur,

147 1043 365 1116 relinquendane
386 1043 423 1100 sit
442 1043 576 1100 honestas
593 1054 707 1120 propter
720 1045 847 1103 utilitatis
863 1065 942 1123 mag-

148 1121 305 1181 nitudinem
330 1119 407 1199 (nam
431 1120 461 1178 id
485 1121 598 1194 quidem
622 1123 783 1200 improbum
807 1121 863 1202 est)
889 1123 942 1182 sed

147 1198 232 1264 illua·
248 1199 375 1274 possitne
395 1198 434 1266 id,
449 1199 526 1272 quod
549 1200 618 1258 utile
642 1201 779 1268 videatur,
793 1201 855 1260 fieri
881 1221 940 1260 non

147 1278 274 1353 turpiter.
316 1277 391 1334 Oum
421 1276 581 1336 Collatino*
607 1279 722 1354 eollegae
753 1279 856 1338 Brutus
887 1281 940 1337 im-

118 1359 122 1366 '
147 1356 259 1432 perium
284 1357 441 1432 abrogabat,
465 1365 573 1431 poterat
596 1357 684 1414 videri
708 1357 799 1415 secere
824 1359 938 1434 injuste.

148 1433 251 1492 Fuerat
272 1435 347 1492 enirn
369 1434 399 1491 in
412 1435 524 1510 regibus
539 1434 724 1510 expellendis,
738 1437 833 1494 socius
848 1434 937 1504 B'nrti,

148 1512 331 1571 consiliorum
356 1521 384 1570 et
408 1512 525 1588 adjutor.
568 1511 643 1570 Cum
669 1522 761 1570 autern
786 1515 937 1574 consilium

148 1589 204 1649 hoc
231 1591 373 1667 principes
402 1591 553 1666 cepissent,
582 1593 778 1668 cognationem
806 1591 958 1668 Superbi,

148 1687 309 1741 nomenque
324 1669 543 1748 Tarquiniorum
556 1677 585 1726 et
597 1669 762 1728 memoriam
775 1671 854 1746 regni
874 1688 938 1728 esse

149 1747 317 1805 tollendam:
344 1746 421 1819 quod
440 1757 499 1805 erat
517 1747 595 1814 utile,
617 1748 711 1824 patriae
732 1749 887 1816 consulere,
908 1747 937 1806 id

148 1835 208 1882 erat
220 1826 259 1882 ita
272 1825 432 1892 honestum,
446 1835 478 1882 ut
490 1826 573 1884 etiam
596 1826 652 1901 ipsi
667 1825 808 1884 Collatino
824 1827 937 1909 (placere

150 1901 272 1961 deberet.
311 1902 408 1974 Itaque
420 1903 523 1978 utilitas
535 1903 621 1960 valuit
632 1915 745 1980 propter
753 1905 935 1973 honestatem,

149 1980 212 2039 sine
226 1999 282 2054 qua
294 1999 330 2038 ne
344 1981 448 2040 utilitas
462 1981 577 2053 quidem
592 1999 655 2039 esse
670 1984 817 2058 potuisset.

440 2213 605 2265 CHAPTER
619 2214 650 2264 X.

92 2341 98 2350 ’
181 2339 196 2372 ⁸
215 2336 342 2414 (fallatiae.
372 2341 428 2390 The
443 2341 555 2393 husband
571 2342 601 2392 of
612 2343 733 2404 Lucretia,
744 2344 778 2414 ¹L.
789 2344 934 2409 Tarquinius

147 2403 292 2464 Collatinus,
302 2420 354 2454 wan
371 2407 494 2470 grandson
505 2409 535 2457 of
546 2409 630 2457 Aruns
640 2409 738 2458 brother
749 2409 779 2458 ot'
789 2409 934 2473 Tarquinius

149 2468 256 2544 Priscus.
288 2469 341 2518 Liv.
352 2470 368 2518 i.
379 2470 411 2519 46
422 2473 471 2520 and
481 2473 519 2521 57.
552 2473 659 2538 Though
675 2473 714 2522 his
730 2475 850 2524 exertions
861 2477 886 2524 in
896 2477 934 2525 the

149 2535 517 2659 titl‘rlfflf‘lhlllbm'a
527 2537 934 2655 manutenuerunt
974 2581 975 2588 ‘

141 2663 192 2712 'the
207 2663 262 2713 first
277 2667 409 2724 consulate,
424 2671 467 2729 yet
482 2665 618 2728 suspicions
633 2683 710 2726 mose,
726 2668 832 2718 founded
847 2670 935 2735 merely

149 2741 182 2774 on
199 2726 239 2776 his
257 2731 392 2780 connexion
406 2730 467 2780 with
484 2731 525 2779 the
544 2731 622 2780 exiled
639 2731 739 2796 family;
756 2749 772 2782 a
791 2733 838 2784 law
854 2735 934 2798 passed

147 2789 276 2856 depriring
287 2794 339 2843 him
350 2795 380 2846 ot*
385 2795 424 2844 his
435 2796 515 2852 office;
530 2796 578 2844 and
589 2795 620 2844 he
628 2812 679 2844 was
690 2797 775 2846 driven
783 2796 836 2846 into
843 2799 933 2850 banish·
974 2853 975 2858 ,

150 2860 218 2901 ment
228 2857 291 2904 witlr
300 2859 341 2907 the
352 2861 420 2909 other
431 2860 545 2910 relations
556 2859 586 2908 of
591 2861 632 2910 the
643 2860 755 2922 'l'arquin
765 2860 859 2927 family.
893 2917 898 2924 .
