1978 3268
138 231 197 288 2⁴12
425 229 473 278 DE
489 225 643 278 orrtctts.

136 389 205 430 eane
229 372 415 432 inhumanum
435 379 488 430 est.
529 368 582 429 Illa
599 369 742 447 preclara,
767 369 798 428 in
825 370 932 443 quibus

138 451 257 528 publiea
272 450 397 508 utilitatis
416 450 528 526 speeies
543 469 600 526 prae
615 451 759 507 honestate
773 450 933 506 contemui-

139 539 192 587 tur.
234 530 323 588 Plena
345 529 540 606 exemplorum
563 541 607 588 est
627 539 723 586 nostra
740 545 785 584 res
805 528 931 603 publiea,

139 625 204 664 eum
223 625 299 684 eoepe
324 607 418 675 aliam*
443 619 502 666 tum
526 610 649 668 maxime
668 607 742 664 bello
762 606 872 664 Punico
887 625 932 664 se·

138 683 250 744 cundo:
280 705 353 759 quae,
378 685 524 744 Cannensi
546 687 700 745 calamitate
722 697 848 760 accepta,
871 704 931 742 ma·

134 763 212 840 jores
223 765 333 823 animos
342 765 440 823 habuit
449 783 531 837 quam
546 783 670 839 unquam
677 765 760 821 rebus
770 763 931 825 secundis.†

140 841 227 901 Nulla
254 844 363 902 timoris
391 843 571 920 significatio,
600 839 677 902 nulla
702 841 812 900 mentio
837 843 928 918 pacis.

137 919 231 980 Tanta
254 923 297 980 vis
323 933 366 980 est
387 922 510 992 honesti,
528 933 560 980 ut
581 921 708 1000 speeiem
730 920 857 978 utilitatis
881 921 930 978 ob·

139 1012 242 1058 scuret.
585 1013 590 1026 ’
748 1021 751 1028 ¹

177 1077 366 1136 Athenienses
394 1093 459 1136 cum
495 1079 646 1137 Persarum
678 1078 816 1154 impetum
851 1077 929 1135 nullo

137 1155 223 1216 modo
247 1167 365 1234 possent
394 1158 543 1225 sustinere,
568 1166 785 1228 statuerantque,
808 1167 841 1213 ut
860 1157 929 1214 urbe

137 1235 242 1304 relicta,
257 1235 424 1314 conjugibus
444 1247 473 1293 et
491 1237 585 1299 liberis
607 1236 764 1308 'Froezeness
777 1233 927 1310 depositis,

137 1327 223 1372 naves
238 1314 466 1384 conscenderent,
480 1316 692 1387 libertatemque
704 1313 823 1370 Graeeiae
835 1314 926 1372 classe

136 1391 335 1460 defenderent3
370 1392 518 1469 Cyrsilum
539 1393 689 1466 quemdam
710 1391 877 1449 suadentem
898 1402 928 1448 ut

61 1493 63 1497 ·
137 1471 167 1529 in
188 1473 254 1529 urbe
275 1481 429 1539 manerent,
444 1471 626 1545 Xerxemque
646 1471 812 1546 reciperent,
828 1469 927 1546 lapidi·

136 1550 429 1626 buscooperuerunt.
481 1550 567 1622 Atqui
596 1551 642 1608 ille
669 1549 817 1606 utilitatem
846 1549 927 1621 sequi

139 1627 300 1688 videbatur:
322 1629 372 1686 sed
383 1647 417 1686 ea
427 1629 503 1688 nulla
511 1641 577 1697 erat,
588 1639 759 1706 repugnante
769 1628 926 1684 honestate.

175 1707 385 1766 Themistocles
411 1721 477 1784 post
497 1709 644 1767 victoriam
664 1707 726 1783 ejus
751 1706 828 1773 belli,
851 1705 927 1778 quod

135 1803 202 1844 eum
217 1786 313 1844 Persis
327 1786 389 1854 suit,
405 1785 477 1844 dixit
490 1787 520 1844 in
535 1787 681 1854 concione,
696 1803 728 1842 se
743 1785 846 1843 habere
860 1803 927 1842 eon-

134 1949 366 2078 ppppmthppcipyypn
373 1957 552 2076 pppppiruffiy
556 1948 928 2090 dtgrecrlrfirppptpepffitpsz'ezsulppp

134 2077 183 2126 duo
199 2078 267 2127 Coss
283 2079 394 2130 onmium
410 2097 471 2144 quos
487 2081 593 2130 vidimus
609 2079 789 2144 sapientissimi,
806 2080 927 2138 tulissent,

135 2142 204 2191 video
215 2149 327 2192 constare
338 2143 402 2194 iuter
413 2161 506 2205 ornnes,
517 2162 567 2196 uon
579 2147 651 2195 modo
662 2146 782 2204 inutilem,
792 2145 835 2192 sed
848 2146 926 2207 perni-

135 2206 227 2256 ciosam
236 2207 374 2270 reipubliee
386 2209 468 2260 fuisse.
501 2211 550 2261 Pro
560 2211 588 2260 C.
599 2211 719 2260 Cornelio.
730 2210 746 2258 i.
757 2215 816 2258 orat
829 2210 851 2258 t.
863 2209 925 2258 inter

135 2271 268 2386 Frpgppil.
285 2272 460 2350 Edit'umest
471 2276 549 2352 Oxon
562 2275 631 2324 1810.
641 2276 688 2324 vol.
698 2276 739 2324 vii.
750 2274 805 2323 880

135 2352 294 2468 mmnsdwh'y
305 2337 473 2463 ggmmhgffidj’,
480 2340 926 2464 dhudddedubwdhdzffuaddrhggt

134 2469 184 2518 eud
194 2483 274 2518 seems
285 2483 414 2533 necessary
425 2475 451 2518 to
461 2470 579 2534 completa
590 2471 631 2519 the
642 2485 720 2520 sense.

167 2535 181 2588 †
201 2534 318 2598 Umquam
329 2533 529 2583 rchoeeecuadis.
545 2533 599 2583 Liv.
611 2535 678 2586 xxiii.
688 2535 726 2584 14.
742 2531 806 2582 Flor.
816 2533 842 2582 ii.
854 2533 876 2583 0.
887 2533 925 2583 31.

134 2597 216 2648 These
235 2599 397 2649 ommatium
419 2599 520 2649 certainl
560 2599 638 2649 ettam
653 2599 727 2662 proof
743 2599 773 2647 of
787 2599 828 2647 the
848 2599 925 2664 spirit,

134 2664 281 2730 unanimity,
301 2666 350 2715 end
369 2664 450 2730 polioy
468 2663 498 2714 of
539 2679 553 2712 e
570 2663 686 2713 Romana
719 2664 777 2713 Hed
792 2664 850 2730 they
868 2665 925 2714 then

134 2727 312 2843 [itterfflyeae
321 2731 509 2846 deyrppindenoet,0
506 2729 569 2777 their
575 2729 637 2842 m
647 2745 700 2842 unffi
710 2729 853 2843 iqulssabdf'l

142 2868 215 2924 rum
248 2810 549 2927 metuosiltirnwd
556 2807 926 2936 lenalletlmhdulllh

149 2917 198 2991 rapi
216 2925 348 2985 Στιφὰιον)
366 2927 422 2976 who
437 2927 504 2986 adds,
515 2925 568 2976 that
583 2925 625 2974 the
636 2924 760 2974 Athenian
776 2939 875 2978 women
888 2925 926 2975 iu·

153 2983 218 3033 reted
228 2985 553 3054 thesemepunishmentou
563 2987 833 3055 uewueofcynttus.
961 2993 962 3000 ’
