1978 3268
292 237 412 286 amm
431 235 599 288 cunxxv.
709 211 711 218 ’
787 223 844 300 28'7

6 437 22 470 ι
64 375 215 514 l[opttptt›]¹l
238 380 395 457 impetrato,
424 379 556 438 Theseus
581 381 610 438 iu
637 382 768 440 maximis
796 383 847 443 luit

77 469 136 515 uett
154 476 199 516 us.

108 535 208 602 Quidt
239 534 447 612 Agamemnoni
470 553 534 594 cum
558 535 715 595 devovisset
738 537 846 610 Dianae,

67 614 144 686 quod
158 615 188 671 in
202 631 253 670 suo
272 632 358 689 regno
373 613 589 688 pulcherrimum
604 627 698 673 natum
712 627 787 674 esset
800 619 848 677 illo

68 710 155 757 anno,
177 691 332 749 immolavit
356 691 542 768 Iphigeniam,
563 712 618 766 qua
641 695 713 752 nihil
734 707 793 753 erat
813 715 848 756 eo

67 769 185 843 quidem
205 787 278 826 anno
299 781 391 827 natum
413 771 564 846 pulchrius.
605 771 778 832 Promissum
800 795 849 851 po·

68 849 127 906 tius
142 865 198 904 non
213 846 378 915 laciendum,
392 867 476 920 qnam
498 860 605 908 tetrum
625 850 731 908 lacinus
754 852 850 912 admit·

69 924 188 984 tendum
215 924 275 983 suit.
316 925 393 1002 Ergo
420 939 448 986 et
468 927 606 1004 promissa
625 947 682 986 non
709 929 850 1007 faciendass

9 1047 19 1062 ,
69 1021 130 1061 non
144 1021 314 1075 numquam
335 1023 427 1078 neque
442 1025 554 1082 semper
563 1008 691 1084 deposita
701 1008 849 1069 reddenda.

71 1081 106 1138 Si
129 1080 250 1156 gladium
263 1083 326 1154 quis
347 1085 420 1158 apud
435 1096 461 1140 te
481 1103 548 1142 sana
566 1100 660 1144 mente
680 1086 850 1164 deposuerit,

69 1171 179 1235 repetat
189 1159 349 1227 insaniens3
365 1161 478 1218 reddere
490 1176 634 1236 peceatum
647 1166 700 1233 sit;
715 1166 851 1236 officium,

70 1256 129 1296 non
144 1237 266 1296 reddere.
307 1238 393 1304 Quid,
417 1239 443 1294 si
462 1239 497 1303 is,
513 1241 561 1310 qui
575 1241 648 1315 apud
663 1253 688 1298 te
703 1246 851 1318 pecuniam

7 1349 20 1378 .,
71 1315 241 1391 deposuerit,
260 1315 363 1375 bellum
378 1315 478 1372 inserat
497 1318 602 1390 patriae,
616 1318 752 1377 reddasne
766 1323 851 1400 depo·

71 1395 180 1452 situm?
210 1394 288 1461 Non,
314 1393 408 1450 credo.
447 1393 545 1450 Facias
570 1395 646 1452 enim
672 1409 768 1454 eontra
792 1419 851 1459 rem

72 1472 224 1549 publicam,
239 1490 301 1543 quae
320 1470 402 1528 debet
421 1490 484 1533 esse
498 1472 651 1528 carissima.
693 1473 741 1530 Sic
757 1478 853 1546 multa,

73 1568 136 1622 quae
163 1550 281 1608 honesta
307 1563 403 1606 natura
430 1549 558 1606 videntur
585 1567 658 1617 esse,
682 1554 853 1627 temporibus

73 1629 148 1686 fiunt
169 1647 223 1685 non
241 1628 367 1685 honesta.
407 1627 511 1685 Facere
533 1628 682 1702 promissa,
697 1640 768 1686 stare
789 1649 855 1689 oon·

71 1706 175 1772 ventis,
187 1705 301 1762 reddere
316 1704 452 1782 deposita.
464 1715 633 1762 commutata
644 1706 770 1775 utilitate,
784 1708 855 1767 fiunt

13 1801 19 1810 ·
76 1803 133 1842 non
149 1785 275 1840 honesta.
314 1785 356 1840 Ae
381 1784 415 1840 de
440 1785 475 1840 iis
498 1783 622 1855 quidem,
644 1802 706 1855 quae
729 1785 856 1844 videntur

73 1881 139 1920 esse
161 1861 291 1931 utilitates
314 1871 409 1918 contra
424 1862 572 1937 justitiam,
594 1861 770 1919 simulatione
793 1882 856 1940 pru·

71 1940 183 2007 dentiae,
195 1939 263 1995 satis
277 1939 393 1996 arbitror
408 1940 526 1996 dictum.

5 2105 17 2130 ‘-
107 2097 122 2128 ¹
140 2092 233 2157 Optato.
265 2092 328 2142 'l'his
343 2093 642 2152 wordomittedinsome
660 2095 857 2164 MSS.isprobo-

73 2162 117 2226 bly
128 2159 172 2206 but
183 2175 198 2206 e
209 2157 275 2221 gloss
286 2157 359 2206 taken
370 2158 433 2206 from
444 2159 484 2206 the
496 2159 599 2225 margin.
632 2160 821 2229 Qttot'mpetruto,
830 2167 858 2215 io

73 2221 464 2280 maeimosluttttrt'noidit,i.'10.
701 2248 705 2254 -

107 2289 121 2341 †
137 2287 311 2352 Agammoon.
343 2287 405 2335 This
421 2287 467 2336 tale
478 2287 499 2336 is
510 2295 553 2337 not
567 2289 699 2356 unisormly
710 2293 815 2344 related:
831 2295 859 2344 in

14 2399 20 2412 ,
75 2353 226 2417 Sophocles's
245 2350 349 2410 Electra,
359 2352 400 2400 the
412 2369 497 2401 reason
515 2353 627 2430 assigned
638 2357 670 2420 hy
682 2357 859 2422 clytemnestra

76 2419 114 2468 sor
125 2419 166 2468 the
178 2417 275 2466 murder
286 2417 316 2465 of
326 2418 370 2466 her
385 2417 503 2476 husband,
514 2417 535 2466 is
546 2419 585 2467 hrs
598 2421 709 2470 sacrifice
721 2422 750 2470 of
762 2424 816 2485 Iphi

76 2483 125 2533 nis.
158 2483 182 2531 lt
193 2483 214 2531 is
226 2482 276 2531 also
287 2483 428 2546 oppsrently
438 2483 546 2544 imputed
558 2491 582 2532 to
592 2485 645 2532 him
657 2487 689 2548 by
699 2486 810 2549 Horace,
827 2494 859 2537 ot.

77 2548 103 2598 ii.
114 2547 136 2596 3.
148 2548 214 2605 199.;
230 2547 278 2595 and
295 2547 405 2611 direotly,
420 2549 452 2611 hy
467 2547 554 2612 Virgil,
565 2549 622 2596 AEn.
634 2549 658 2596 ii.
671 2549 723 2597 116.
756 2550 804 2599 But
821 2568 860 2601 so·

77 2612 179 2676 oording
189 2621 214 2661 to
225 2611 295 2670 Ovid,
306 2612 418 2672 (Meteon
429 2613 470 2660 xii.
481 2611 523 2673 ³2)
535 2613 561 2659 in
572 2627 733 2660 oonourrenoe
745 2614 804 2663 wilh
818 2617 860 2664 the

4 2673 19 2727 ¹·
77 2675 813 2804 l'ttb‘,lillltfllhltrittlllltlh{ltili
837 2681 861 2732 Ι*

110 2807 120 2858 t
138 2806 192 2854 Non
197 2803 321 2868 sacietatis.
353 2805 408 2852 The
419 2819 486 2852 cases
498 2803 524 2850 in
539 2803 620 2851 which
638 2805 754 2864 promises
766 2823 806 2855 nro
818 2817 860 2858 not

78 2879 103 2919 to
119 2869 220 2984 bphlppp
237 2868 345 2981 binpirpffi
357 2884 397 2916 ore
414 2867 468 2916 well
484 2865 577 2916 defined
594 2868 626 2930 by
642 2867 723 2933 Paley,
736 2870 772 2919 El.
785 2873 814 2912 nt
825 2875 852 2910 nt

79 2936 127 2985 and
157 2969 163 2984 .
213 2933 266 2981 .iii.
294 2966 299 2979 .
328 2966 333 2979 .
