1970 3272
131 203 186 260 190
420 203 468 251 ΒΕ
486 203 636 255 oerlctte.

131 346 257 423 pauperi,
269 363 303 403 an
318 345 410 402 minue
424 346 540 422 probato
554 347 633 405 diviti
648 346 736 406 tiliam
750 345 932 408 collocaret:

129 433 152 464 ⁴⁶
159 425 224 502 Ego
234 423 332 491 vero‚’'
342 423 442 495 inquit,
453 425 528 482 malo
537 427 629 484 virum
641 426 689 498 qui
700 427 823 502 pecunia
833 440 933 504 egeat,

132 521 214 575 quam
230 501 377 576 pecuniam
392 519 453 574 quae
471 503 561 560 viro.”
604 505 660 562 Sed
680 505 804 580 corrupti
827 524 930 564 mores

132 581 327 655 depravatique
339 589 405 636 eunt
415 580 596 639 admiratione
608 582 782 640 divitiarum:
799 601 929 655 quarum

131 657 293 732 magnitudo
315 658 382 730 quid
403 659 436 717 dd
459 677 687 733 unumquemque
710 669 839 718 nostrum
862 681 929 738 per·

131 735 220 792 tinett
261 735 344 794 Illum
364 736 480 794 fortasse
501 738 682 814 adjuvatqui
701 739 804 795 habet:
835 755 877 798 ne
899 739 929 797 id

132 811 246 886 quidem
267 833 397 890 semper:
420 815 470 872 sed
491 815 535 872 sac
551 817 670 892 juvare;
691 817 832 874 utentior*
854 836 928 876 sane

131 891 184 958 eit;
205 893 350 950 honestior
369 911 436 951 vero
457 911 514 964 quo
536 894 643 952 model
683 894 768 960 Quod
787 894 813 950 ei
836 897 925 953 etiam

122 970 222 1034 ,bonus
242 972 296 1027 erit
314 971 366 1037 vir,
381 989 417 1028 ne
438 971 593 1046 impediant
612 972 726 1039 divitiae,
747 989 805 1044 quo
825 975 926 1031 minus

128 1049 252 1124 juvetur,
290 1047 375 1106 modo
413 1067 449 1106 ne
488 1049 653 1125 adjuvent:†
697 1052 789 1121 sitque
837 1069 925 1109 omne

128 1126 277 1203 judicium,
289 1145 345 1184 non
360 1145 444 1198 quam
464 1127 601 1202 locuples,
614 1127 664 1185 sed
688 1128 778 1201 qualie
800 1129 925 1200 quisque

132 1205 178 1262 eit.
219 1204 385 1263 Extremum
409 1213 500 1262 autern
522 1215 692 1282 preceptum
711 1207 741 1264 in
761 1207 922 1275 beneficiis,

133 1301 274 1360 operaque
298 1281 389 1342 danda
412 1292 465 1351 eet,
489 1301 526 1341 ne
551 1284 619 1356 quid
642 1293 738 1342 eontra
761 1285 924 1356 equitatem

133 1362 295 1428 contendas,
316 1368 353 1419 ne
378 1361 446 1434 quid
469 1380 520 1436 pro
544 1362 655 1438 injuria.
695 1361 923 1420 Fundamentum

133 1441 210 1498 enim
230 1450 371 1518 perpetue
392 1439 642 1498 commendationis
663 1449 692 1497 et
710 1440 791 1498 samae
805 1449 850 1498 est
860 1441 923 1518 jue-

133 1519 202 1588 titia,
216 1519 279 1577 eine
292 1533 347 1592 qua
360 1519 432 1577 nihil
444 1527 538 1596 potest
550 1537 614 1577 ecee
627 1517 774 1577 laudabile.

165 1679 180 1710 't
201 1677 317 1726 Utentior.
349 1673 412 1725 'I'hir
429 1674 451 1724 ie
468 1693 483 1725 e
499 1689 559 1740 very
570 1674 678 1725 doubffirl
695 1673 804 1740 reading,
816 1674 865 1724 and
883 1674 923 1724 the

134 1743 284 1805 aeceptetion
300 1743 327 1791 in
337 1740 419 1790 which
435 1740 476 1788 the
487 1742 562 1798 word,
573 1739 597 1789 if
609 1741 722 1805 genuine,
733 1739 755 1788 ie
766 1747 792 1788 to
802 1740 832 1788 be
843 1739 923 1798 mirer,

133 1807 167 1871 by
178 1823 211 1856 no
221 1823 306 1856 meane
318 1807 389 1856 clear.
420 1805 475 1854 The
491 1805 657 1867 explanatione
673 1805 746 1870 given
756 1805 790 1870 by
801 1819 921 1854 commen-

134 1877 216 1932 tatore,
227 1886 268 1920 are
285 1873 326 1934 qui
334 1869 392 1936 plue
403 1869 521 1934 impendit
531 1871 559 1916 in
570 1869 663 1918 cultum,
672 1871 726 1919 cite
732 1887 742 1928 ,·
759 1870 800 1933 qui
808 1869 922 1934 pluribus

134 1937 213 1985 utitur
234 1935 268 1983 ad
289 1935 364 1983 vitam
385 1933 514 1991 inondant,-
541 1934 583 1996 qut
604 1935 708 1998 majorca
727 1936 882 1999 cumpuncta
897 1949 921 1982 ee

134 1999 250 2049 tuendum
267 1999 339 2062 facit.
373 1998 404 2046 In
426 2015 450 2046 a,
463 1998 511 2046 few
531 1997 602 2046 MSS.
625 1999 771 2064 opulentiam·
794 1999 821 2046 in
841 2015 921 2064 many,

131 2065 257 2176 potentior,
279 2063 301 2110 ie
324 2063 405 2111 found.
437 2062 492 2110 the
514 2063 561 2112 laet
582 2065 683 2130 reading
705 2065 728 2112 ie
749 2063 870 2126 preferred
892 2065 906 2111 b

157 2127 267 2176 eccioloti
278 2128 326 2175 and
337 2127 441 2183 Pearce;
453 2127 494 2175 the
503 2135 642 2190 presentes
651 2130 706 2178 bein
733 2129 809 2178 found
817 2129 844 2177 in
852 2127 881 2178 M

135 2193 236 2241 deomed
247 2191 277 2240 of
282 2191 324 2240 the
336 2193 389 2240 best
400 2191 531 2256 authority,
542 2194 575 2257 by
587 2193 692 2254 Ernesti,
703 2147 727 2242 d.
738 2193 767 2242 F.
778 2193 920 2259 Heusinger,

135 2259 184 2308 and
194 2257 347 2369 Gerrphapd.',
363 2256 453 2305 Cetera
469 2265 676 2322 ree-opportune
692 2257 885 2308 curer—dioillo
895 2264 920 2306 ut

136 2329 214 2372 utare.
269 2337 349 2370 ae.v1.

168 2385 267 2441 lilledo
289 2402 319 2434 ne
340 2384 463 2448 adjuvent.
502 2387 539 2434 Ae
559 2387 628 2434 modo
648 2393 676 2435 ut
699 2385 720 2436 ie
741 2385 865 2450 employed
886 2386 920 2434 for

138 2452 272 2512 dummodo,
284 2468 312 2500 eo
327 2450 395 2500 modo
411 2466 441 2498 ne
458 2451 479 2498 ie
496 2450 569 2499 found
586 2451 612 2498 in
628 2452 669 2499 the
680 2466 750 2498 sense
761 2451 791 2498 of
802 2449 920 2499 dummodo

138 2535 192 2568 nou.
214 2518 290 2567 head.
298 2516 330 2574 Q.
337 2517 368 2565 iv.
376 2514 415 2564 43.
434 2520 448 2544 “
456 2515 530 2563 Modo
541 2532 572 2564 ne
583 2515 637 2576 quir
645 2516 705 2564 illud
716 2522 767 2564 tam
778 2515 919 2564 ineruditum

138 2585 316 2645 absurdumque
333 2581 496 2643 respondeat.”
529 2579 588 2627 Lael.
600 2580 637 2627 17.
670 2579 766 2632 “Modo
782 2595 813 2626 ne
829 2595 919 2628 summe

139 2649 262 2710 turpitudo
273 2647 408 2710 eequatru.”
442 2644 470 2693 If
480 2643 512 2692 he
522 2645 551 2692 be
563 2661 578 2692 u
588 2659 647 2692 man
658 2645 687 2692 of
693 2645 778 2702 worth,
790 2644 823 2692 let
833 2651 873 2692 not
883 2643 918 2692 hie

111 2709 114 2716 '
139 2714 227 2761 wealth
238 2715 268 2762 he
277 2731 292 2761 a
303 2713 390 2761 motive
407 2711 443 2758 for
459 2716 502 2758 not
517 2709 601 2772 aiding
612 2709 671 2767 him,
679 2708 796 2774 provided
808 2708 856 2756 ilat
866 2711 885 2756 it
896 2707 919 2755 le

140 2783 179 2822 not
191 2777 230 2824 the
240 2777 327 2826 metire
333 2777 376 2840 sor
387 2776 462 2840 doing
472 2775 499 2822 tt.
