1970 3278
150 240 224 296 134·
430 233 480 282 oe
497 229 651 282 oenone.

148 381 355 440 eicitaremntr
376 383 471 433 tamen
484 373 625 433 interdurn
638 391 746 441 vereor,
768 391 808 432 ne
829 376 955 450 quibus·

149 459 213 518 dam
235 457 316 516 bonis
337 455 406 512 viris
426 453 615 531 philosophie
636 471 740 520 nomen
755 454 794 510 sit
807 454 954 524 invisum,

127 532 132 542 ’
151 539 352 608 mirenturque,
368 533 397 591 in
417 551 450 590 ea
461 543 566 590 tantum
592 550 637 610 me
657 550 749 607 opere
764 542 793 589 et
808 537 953 610 temporis

153 633 268 693 ponere.
309 613 374 690 Ego
385 625 478 670 autem
493 630 576 684 quam
589 609 636 668 diu
649 629 693 667 res
706 611 821 685 publica
832 631 890 688 per
900 633 951 671 eos

152 694 325 770 gerebatur,*
353 693 454 764 quibus
480 710 510 748 ee
536 691 599 766 ipsa
626 689 818 756 commiserat,
845 710 950 748 omnes

94 823 97 830 ,
151 791 229 830 meae
256 789 336 828 curas
364 770 603 847 cogitationesque
624 769 655 825 in
675 786 737 824 eam
752 768 949 828 conferebam.

152 849 229 908 Cum
247 861 343 908 eutem
363 848 508 906 dominatu
529 849 624 916 unius,
651 847 748 917 omnia
772 855 948 916 tenerentur,

152 947 244 1000 neque
259 937 334 985 esset
347 945 467 999 usquam
481 926 602 984 oonsilio
616 933 663 982 aut
682 925 839 983 auctoritati
853 927 947 994 locus,

153 1009 247 1064 socios
262 1006 383 1078 denique
398 1005 562 1062 tuendae‘rei
576 1005 706 1080 publice,
716 1014 847 1062 summos
860 1005 947 1072 viros,

154 1086 313 1144 amisissem
325 1103 333 1151 ;
355 1102 408 1140 nec
418 1103 465 1141 me
476 1085 626 1160 angoribus
638 1081 741 1149 dedidi,
753 1083 859 1154 quibus
872 1102 947 1141 erem

153 1163 308 1228 conlectus,
320 1162 376 1220 nisi
388 1163 423 1218 iis
435 1163 612 1230 restitissem,
622 1178 675 1218 nec
686 1161 811 1222 rursum†
822 1161 947 1238 indignis

154 1241 270 1300 homine
282 1240 364 1298 docto
378 1241 576 1317 voluptatibus.

195 1323 287 1392 Atque
298 1320 405 1377 utinam
418 1339 463 1377 res
478 1321 592 1396 publica
605 1317 737 1384 stetisset,
753 1335 812 1389 quo
824 1327 946 1394 coeperat

154 1407 240 1466 statu,
255 1417 307 1456 neo
322 1399 351 1456 in
367 1400 496 1456 homines
517 1417 575 1456 nou
596 1407 652 1456 tem
673 1397 944 1463 commutandarum,

155 1495 242 1550 quarn
269 1477 479 1535 evertendarum
505 1495 599 1534 rerum
631 1475 760 1550 cupidos,
789 1475 945 1534 incidisset

156 1557 285 1615 Primum
299 1557 386 1622 enirn,
401 1566 432 1612 ut
445 1565 534 1612 stante
556 1573 586 1612 re
601 1555 713 1631 publica
732 1553 825 1620 lacere
840 1555 945 1612 soleba·

156 1653 232 1702 mus,
254 1636 283 1693 in
304 1634 411 1712 egendo
429 1634 504 1711 plus,
526 1651 611 1706 quarn
631 1632 837 1700 inscribendo,
854 1651 944 1710 opere

156 1733 345 1790 poneremus:
368 1713 469 1771 deinde
494 1714 565 1789 ipsis
593 1712 704 1787 scriptis
725 1729 784 1768 non
811 1729 856 1779 ea,
886 1729 944 1784 quae

157 1811 243 1858 nunc,
259 1793 447 1850 seductiones
468 1801 577 1849 nostras
603 1790 811 1856 mandaremus,
825 1800 857 1848 ut
870 1808 944 1866 sepe

157 1870 293 1944 fecimusss
332 1871 408 1927 Cum
429 1881 522 1927 autern
535 1887 581 1927 res
602 1869 723 1944 publiea,
739 1869 768 1924 irr
783 1887 842 1950 qua
854 1869 944 1928 omnis

158 1967 223 2006 mee
236 1966 311 2015 cura,
324 1950 465 2024 cogitatio,
478 1967 564 2023 opere
575 1948 642 2023 poni
655 1947 771 2014 solebat,
783 1949 863 2006 nulle
873 1957 944 2006 esset

158 2025 285 2091 omnino,
294 2027 349 2082 illae
361 2027 469 2086 scilicet
478 2027 592 2100 litterae§
604 2027 808 2094 conticuerunt,
821 2027 941 2086 forenses

151 2105 352 2160 etsenatoriae.

189 2259 205 2290 *
219 2257 359 2308 Gerebotur·
391 2260 431 2309 Al.
442 2259 582 2326 regebatur:
598 2262 681 2312 which
692 2262 791 2312 Emeeti
801 2262 900 2325 prefers

190 2321 264 2373 †Ncc
276 2340 383 2373 rursum.
415 2327 470 2374 The
488 2326 562 2376 Latin
577 2327 652 2376 idiom
670 2329 728 2376 here
743 2329 891 2390 approachcs
907 2328 944 2376 the

158 2386 271 2453 English,
288 2404 332 2438 nor
348 2391 437 2454 again:
454 2392 502 2440 and
513 2393 554 2440 the
565 2392 647 2440 Greek
666 2389 697 2442 ab
711 2389 753 2442 eal
764 2393 850 2444 πάλιν·
867 2392 944 2443 which

157 2453 209 2502 elso
217 2452 239 2501 is
250 2455 377 2518 employed
388 2462 414 2505 to
424 2472 529 2518 express,
540 2473 570 2505 on
580 2457 618 2504 the
629 2457 695 2507 nter
705 2457 777 2506 tane.
822 2505 827 2518 ,

191 2517 399 2594 l·Soepeseeimur.
432 2520 542 2582 “Scripsi
560 2521 634 2570 etiarn
646 2522 754 2571 versibus
772 2529 822 2570 tres
835 2522 909 2572 libros
919 2523 944 2571 ‹le

157 2585 305 2646 temporibus
316 2586 386 2645 meis,
403 2601 463 2648 quor
477 2586 625 2649 jampridem
636 2589 667 2636 ed
675 2594 702 2650 ¹te
715 2587 846 2647 misissem,
861 2588 884 2637 si
899 2603 944 2638 esst

157 2649 263 2697 edendos
280 2656 414 2713 putassem:
431 2657 489 2700 eunt
503 2651 570 2700 enim
585 2657 659 2701 reste·
671 2659 697 2701 et
711 2659 784 2701 erunt
801 2653 946 2716 sempiterni,

157 2713 300 2764 meritorum
318 2722 416 2768 tuorum
433 2731 492 2780 erge
509 2715 652 2781 me.”-Ep.
670 2719 701 2766 ed
718 2717 817 2766 lentuh
835 2718 878 2768 lib.
896 2719 912 2768 i.
927 2719 947 2767 9.

157 2775 430 2893 {Epizppttiulpomiuum
454 2780 550 2830 incuria
567 2788 610 2830 eut
627 2788 735 2832 vetustae
752 2782 807 2846 ipsa
824 2783 948 2846 perdidit.”

186 2899 311 2972 §Sattiae
332 2910 425 2960 littere.
460 2910 542 2960 These
564 2917 613 2960 two
634 2912 722 2972 worda,
745 2879 840 2978 Bishop
861 2912 951 2966 Peeroe

156 2960 505 3038 thmlm‚havecreptinfrom
520 2974 677 3041 themergin.
768 3031 770 3038 y
