1984 3276
335 201 399 248 Lm.
408 201 427 247 Ι.
445 198 522 248 cAP.
533 201 578 248 IX·
808 202 846 258 29

8 403 10 424 Ι
50 353 104 402 aut
126 342 191 402 odio
215 341 339 415 quodam
360 343 520 434 hominum,
541 360 624 404 suurn
646 360 678 399 se
702 343 846 433 negotium

8 429 9 504 ζ
51 440 141 513 agere
168 421 271 489 dicant,
295 421 443 479 nefacere
471 423 603 512 cuiquam
630 420 811 478 videantur
804 440 846 480 ιιι-

8 565 9 574 J
47 501 179 578 J'uriam:
202 519 250 572 qur
243 499 372 558 altero
365 501 509 575 mJustrtrae
523 519 625 575 genere
640 509 748 566 vacant
763 500 846 557 inal-

55 590 152 658 terum
162 579 314 636 incurrunt.
353 577 496 638 Deserunt
509 579 583 635 enirn
596 578 659 635 vitae
674 579 846 647 societatem,

55 659 129 730 quia
150 657 223 715 nihil
237 657 411 714 conferunt
404 676 434 714 ιιι
456 675 518 714 eam
540 656 635 724 studii,
658 655 729 715 nihil
746 675 848 733 operes,

56 737 135 794 nihil
150 735 322 794 facultatum.
718 771 720 774 v

100 814 244 880 Quoniam
275 815 359 890 igitur
386 812 494 872 duobus
530 814 678 890 generibus
706 813 848 889 injustitiae

59 892 229 968 propositis,
245 891 425 968 adjunximus
439 911 553 950 caussas
567 893 712 965 utriusque
726 893 847 968 generis,

56 988 166 1041 easque
180 989 224 1027 res
239 982 301 1028 ante
316 971 522 1039 constituimus,
542 972 643 1042 quibus
660 971 769 1047 justitia
783 988 848 1028 con·

57 1049 212 1106 tineretur:
235 1048 326 1117 facile,
342 1049 417 1122 quod
428 1051 566 1126 cujusque
576 1050 709 1125 temporis
724 1049 849 1106 officium

57 1127 106 1192 sit,
123 1128 289 1203 poteritisne,
305 1129 359 1184 nisi
384 1129 573 1203 nosmetipsos
588 1127 667 1185 valde
682 1127 848 1194 amabimus,

52 1205 192 1282 judicare
234 1205 288 1263 Est
307 1207 400 1263 enim*
420 1206 543 1263 difficilis
563 1225 628 1264 eura
648 1225 741 1264 rerum
764 1205 849 1262 alien·

59 1303 153 1344 arum.
206 1284 402 1356 Quamquam
410 1285 597 1342 Terentianus
624 1285 671 1342 ille
700 1283 853 1344 Chremem

58 1362 178 1450 humani
200 1363 273 1420 nihil
293 1383 309 1420 a
330 1381 362 1420 se
384 1363 506 1423 alienum
532 1373 619 1440 putat
661 1363 719 1420 Sed
741 1364 850 1434 temenss

61 1439 130 1509 quie
152 1441 241 1527 magis
264 1459 297 1496 ea
318 1441 490 1515 percipimus
513 1451 595 1513 atque
617 1442 765 1507 sentimus,
788 1458 850 1514 quoe

62 1515 176 1572 nobis
170 1517 240 1590 ipsis
263 1526 311 1572 aut
334 1536 477 1592 prospera,
501 1530 549 1575 aut
570 1518 686 1576 adversa
709 1519 852 1582 eveniunt,

63 1611 149 1664 quarn
174 1591 231 1659 ilia,
257 1612 318 1664 quae
342 1597 453 1661 ceteris,
474 1614 536 1666 quae
559 1596 639 1666 quasi
663 1597 748 1670 longo
772 1596 854 1650 inter·

64 1670 305 1746 vailointerjecto,
314 1669 668 1738 videmus3aliterdeillis,
680 1671 853 1735 acdenobis,

59 1750 234 1826 judicamus.
269 1747 409 1814 Quocirca
423 1750 494 1806 bene
510 1749 683 1824 praecipiunt,
699 1750 745 1821 qui
760 1757 854 1806 vetant

64 1827 216 1901 quidquam
241 1846 333 1904 agere,
357 1827 433 1900 quod
457 1827 593 1900 dubites,§
617 1845 731 1900 aequum
749 1828 795 1896 sit,
818 1845 854 1886 au

65 1908 202 1978 iniquum.
244 1907 378 1980 AEquitas
401 1907 478 1964 enim
492 1906 567 1964 lucet
589 1907 652 1982 ipse
666 1926 717 1982 per
731 1908 787 1975 scil,
802 1905 853 1966 du·

65 1987 162 2044 binatio
173 1985 372 2062 cogitationem
386 1985 528 2062 significat
540 1985 685 2061 injuriaeii.

97 2116 111 2147 *
120 2113 201 2162 Enim.
234 2113 324 2173 Bishop
337 2114 429 2160 Peurce
447 2113 600 2174 conjectures
618 2114 670 2160 that
685 2115 723 2160 sor
734 2111 805 2171 enirn,
817 2127 853 2160 we

67 2179 150 2228 should
161 2178 219 2224 read
226 2178 338 2240 quidem:
333 2178 448 2224 Ernesti
457 2178 536 2232 would
544 2179 758 2238 prefertunttn,or
766 2147 855 2264 edient.

98 2242 242 2297 thremec.
275 2241 428 2291 Heautontss
423 2257 438 2286 ι.
449 2242 470 2287 1.
480 2243 519 2290 25
571 2241 579 2248 “

84 2309 110 2364 J
128 2306 173 2354 Sed
185 2309 271 2352 tamen.
304 2305 384 2352 These
396 2304 567 2366 conjunctions
577 2319 644 2352 serre
657 2312 681 2351 to
690 2312 796 2356 connect
805 2303 854 2351 this

69 2379 180 2417 sentence
191 2369 247 2414 with
257 2370 298 2416 the
307 2369 448 2428 preceding,
459 2373 491 2416 etl
502 2368 605 2429 difficilis
615 2383 684 2427 curo,
692 2367 736 2415 dre.

100 2431 113 2497 d
134 2430 203 2492 Quod
210 2431 309 2480 ducito.
350 2432 411 2478 Plio.
422 2433 475 2480 Lib.
488 2435 509 2483 l.
521 2433 569 2492 Ep.
581 2434 617 2480 18.
634 2432 687 2478 “Si
700 2433 773 2478 tutius
781 2438 854 2490 putes

71 2494 128 2544 iilud
136 2497 270 2544 cautissimi
279 2495 397 2558 cujusque
408 2504 573 2556 proeceptum3
590 2497 655 2556 quod
665 2496 770 2554 dubitus,
780 2509 811 2540 ne
820 2495 854 2540 fc·

70 2561 146 2618 ceris,
156 2561 195 2608 rd
190 2575 269 2620 ipsum
278 2561 407 2608 rescribe

103 2623 114 2692 11
128 2595 218 2678 Lucet
209 2639 261 2686 spru
269 2639 314 2687 per
324 2637 355 2670 se
378 2622 406 2670 In
419 2638 450 2670 an
460 2629 555 2676 extruet
567 2625 597 2669 os
604 2623 652 2669 this
664 2635 781 2693 passage
779 2621 855 2668 found

72 2689 96 2738 in
113 2688 152 2732 the
163 2688 271 2748 writings
290 2689 319 2732 os
337 2687 411 2746 Bede‚
428 2687 446 2732 it
465 2687 485 2732 is
503 2687 575 2746 given
589 2699 666 2748 perse
678 2685 754 2731 lueet:
770 2681 857 2748 ipsuis

73 2749 180 2808 omitted,
192 2751 240 2796 and
253 2750 372 2810 certainly
384 2752 443 2796 does
452 2756 495 2796 not
508 2763 600 2808 appear
611 2759 749 2801 necessary.

104 2807 240 2876 iilajurt'c.
272 2813 407 2874 Munianus,
423 2814 489 2873 apud
506 2813 626 2862 Tacitum.
643 2809 738 2856 Histoi.
756 2809 794 2858 77.
811 2810 857 2866 Qui

75 2877 216 2936 deliberant,
228 2877 388 2928 desciuerunt

441 2941 476 2994 Βῆ
