<?xml version="1.0" encoding="UTF-8"?>
<!DOCTYPE html PUBLIC "-//W3C//DTD XHTML 1.0 Transitional//EN"
    "http://www.w3.org/TR/xhtml1/DTD/xhtml1-transitional.dtd">
<html xmlns="http://www.w3.org/1999/xhtml" xml:lang="en" lang="en">
 <head>
  <title>
</title>
<meta http-equiv="Content-Type" content="text/html;charset=utf-8" />
  <meta name='ocr-system' content='tesseract 3.04.00' />
  <meta name='ocr-capabilities' content='ocr_page ocr_carea ocr_par ocr_line ocrx_word'/>
</head>
<body>
  <div class='ocr_page' id='page_1' title='image "./mtulliiciceroni97cicegoog/mtulliiciceroni97cicegoog_0043.png"; bbox 0 0 1984 3276; ppageno 0'>
   <div class='ocr_carea' id='block_1_1' title="bbox 158 193 660 263">
    <p class='ocr_par' dir='ltr' id='par_1_1' title="bbox 158 193 660 263">
     <span class='ocr_line' id='line_1_1' title="bbox 158 193 660 263; baseline -0.002 -15"><span class='ocrx_word' id='word_1_1' title='bbox 158 205 197 263; x_wconf 74' lang='lat'>20</span> <span class='ocrx_word' id='word_1_2' title='bbox 442 199 489 250; x_wconf 84' lang='lat' dir='ltr'>nu</span> <span class='ocrx_word' id='word_1_3' title='bbox 507 193 660 250; x_wconf 80' lang='lat' dir='ltr'>ourlcrls.</span> 
     </span>
    </p>
   </div>
   <div class='ocr_carea' id='block_1_2' title="bbox 158 323 976 1204">
    <p class='ocr_par' dir='ltr' id='par_1_2' title="bbox 158 323 974 636">
     <span class='ocr_line' id='line_1_2' title="bbox 159 323 974 420; baseline -0.002 -14"><span class='ocrx_word' id='word_1_4' title='bbox 159 346 369 416; x_wconf 82' lang='lat' dir='ltr'>didisslmisque</span> <span class='ocrx_word' id='word_1_5' title='bbox 383 344 505 419; x_wconf 82' lang='lat' dir='ltr'>ingeniis</span> <span class='ocrx_word' id='word_1_6' title='bbox 522 343 688 420; x_wconf 88' lang='lat' dir='ltr'>plerumque</span> <span class='ocrx_word' id='word_1_7' title='bbox 702 343 844 400; x_wconf 85' lang='lat' dir='ltr'>exsistunt</span> <span class='ocrx_word' id='word_1_8' title='bbox 860 342 956 404; x_wconf 75' lang='lat' dir='ltr'>hono</span> <span class='ocrx_word' id='word_1_9' title='bbox 973 323 974 374; x_wconf 68' lang='lat' dir='ltr'>l</span> 
     </span>
     <span class='ocr_line' id='line_1_3' title="bbox 158 421 955 497; baseline -0.001 -14"><span class='ocrx_word' id='word_1_10' title='bbox 158 427 207 491; x_wconf 79' lang='lat' dir='ltr'>ris,</span> <span class='ocrx_word' id='word_1_11' title='bbox 228 424 349 497; x_wconf 85' lang='lat' dir='ltr'>imperii,</span> <span class='ocrx_word' id='word_1_12' title='bbox 372 422 513 497; x_wconf 80' lang='lat' dir='ltr'>potentine,</span> <span class='ocrx_word' id='word_1_13' title='bbox 534 422 629 497; x_wconf 72' lang='lat' dir='ltr'>glorie</span> <span class='ocrx_word' id='word_1_14' title='bbox 654 421 831 497; x_wconf 82' lang='lat' dir='ltr'>cupiditates.</span> <span class='ocrx_word' id='word_1_15' title='bbox 888 425 955 490; x_wconf 84' lang='lat' dir='ltr'>Quo</span> 
     </span>
     <span class='ocr_line' id='line_1_4' title="bbox 158 499 955 580; baseline -0.001 -19"><span class='ocrx_word' id='word_1_16' title='bbox 158 502 248 578; x_wconf 75' lang='lat' dir='ltr'>tnagis</span> <span class='ocrx_word' id='word_1_17' title='bbox 268 499 423 558; x_wconf 85' lang='lat' dir='ltr'>cavendum</span> <span class='ocrx_word' id='word_1_18' title='bbox 437 511 489 567; x_wconf 84' lang='lat' dir='ltr'>est,</span> <span class='ocrx_word' id='word_1_19' title='bbox 512 518 548 558; x_wconf 85' lang='lat' dir='ltr'>ne</span> <span class='ocrx_word' id='word_1_20' title='bbox 568 499 636 573; x_wconf 91' lang='lat' dir='ltr'>quid</span> <span class='ocrx_word' id='word_1_21' title='bbox 663 501 692 557; x_wconf 91' lang='lat' dir='ltr'>in</span> <span class='ocrx_word' id='word_1_22' title='bbox 710 519 744 558; x_wconf 91' lang='lat' dir='ltr'>eo</span> <span class='ocrx_word' id='word_1_23' title='bbox 766 519 875 577; x_wconf 79' lang='lat' dir='ltr'>genere</span> <span class='ocrx_word' id='word_1_24' title='bbox 891 517 955 580; x_wconf 79' lang='lat' dir='ltr'>peo</span> 
     </span>
     <span class='ocr_line' id='line_1_5' title="bbox 160 591 629 636; baseline -0.015 0"><span class='ocrx_word' id='word_1_25' title='bbox 160 591 246 636; x_wconf 83' lang='lat' dir='ltr'>uetur.</span> <span class='ocrx_word' id='word_1_26' title='bbox 627 609 629 614; x_wconf 94' lang='lat'>·</span> 
     </span>
    </p>

    <p class='ocr_par' dir='ltr' id='par_1_3' title="bbox 159 590 976 1204">
     <span class='ocr_line' id='line_1_6' title="bbox 199 590 975 734; baseline 0.005 -20"><span class='ocrx_word' id='word_1_27' title='bbox 199 656 256 714; x_wconf 82' lang='lat' dir='ltr'>Sed</span> <span class='ocrx_word' id='word_1_28' title='bbox 283 657 314 714; x_wconf 92' lang='lat' dir='ltr'>in</span> <span class='ocrx_word' id='word_1_29' title='bbox 340 657 419 714; x_wconf 89' lang='lat' dir='ltr'>omni</span> <span class='ocrx_word' id='word_1_30' title='bbox 454 657 591 734; x_wconf 84' lang='lat' dir='ltr'>injustitia</span> <span class='ocrx_word' id='word_1_31' title='bbox 623 657 792 732; x_wconf 88' lang='lat' dir='ltr'>permultum</span> <span class='ocrx_word' id='word_1_32' title='bbox 822 590 975 727; x_wconf 70' lang='lat' dir='ltr'>interestl</span> 
     </span>
     <span class='ocr_line' id='line_1_7' title="bbox 159 733 975 812; baseline 0.005 -20"><span class='ocrx_word' id='word_1_33' title='bbox 159 744 252 793; x_wconf 87' lang='lat' dir='ltr'>utrum</span> <span class='ocrx_word' id='word_1_34' title='bbox 275 735 481 812; x_wconf 79' lang='lat' dir='ltr'>perturbatione</span> <span class='ocrx_word' id='word_1_35' title='bbox 506 736 613 808; x_wconf 71' lang='lat' dir='ltr'>aliqua*</span> <span class='ocrx_word' id='word_1_36' title='bbox 634 735 730 803; x_wconf 84' lang='lat' dir='ltr'>enimi,</span> <span class='ocrx_word' id='word_1_37' title='bbox 748 753 810 808; x_wconf 80' lang='lat' dir='ltr'>que</span> <span class='ocrx_word' id='word_1_38' title='bbox 825 737 953 812; x_wconf 89' lang='lat' dir='ltr'>plerum·</span> <span class='ocrx_word' id='word_1_39' title='bbox 974 733 975 750; x_wconf 59' lang='lat'>¹</span> 
     </span>
     <span class='ocr_line' id='line_1_8' title="bbox 160 813 953 894; baseline 0.006 -24"><span class='ocrx_word' id='word_1_40' title='bbox 160 831 215 886; x_wconf 86' lang='lat' dir='ltr'>que</span> <span class='ocrx_word' id='word_1_41' title='bbox 231 815 322 872; x_wconf 85' lang='lat' dir='ltr'>brevis</span> <span class='ocrx_word' id='word_1_42' title='bbox 336 823 389 880; x_wconf 84' lang='lat' dir='ltr'>est,</span> <span class='ocrx_word' id='word_1_43' title='bbox 405 824 432 872; x_wconf 89' lang='lat' dir='ltr'>et</span> <span class='ocrx_word' id='word_1_44' title='bbox 447 813 482 870; x_wconf 85' lang='lat' dir='ltr'>ad</span> <span class='ocrx_word' id='word_1_45' title='bbox 495 823 618 890; x_wconf 86' lang='lat' dir='ltr'>tempus,</span> <span class='ocrx_word' id='word_1_46' title='bbox 634 833 669 871; x_wconf 85' lang='lat' dir='ltr'>nn</span> <span class='ocrx_word' id='word_1_47' title='bbox 683 814 812 872; x_wconf 87' lang='lat' dir='ltr'>consulto</span> <span class='ocrx_word' id='word_1_48' title='bbox 827 825 856 872; x_wconf 92' lang='lat' dir='ltr'>et</span> <span class='ocrx_word' id='word_1_49' title='bbox 876 818 953 894; x_wconf 80' lang='lat' dir='ltr'>cogi·</span> 
     </span>
     <span class='ocr_line' id='line_1_9' title="bbox 161 891 953 969; baseline 0.005 -20"><span class='ocrx_word' id='word_1_50' title='bbox 161 892 229 954; x_wconf 82' lang='lat' dir='ltr'>tatn†</span> <span class='ocrx_word' id='word_1_51' title='bbox 243 893 291 949; x_wconf 84' lang='lat' dir='ltr'>liat</span> <span class='ocrx_word' id='word_1_52' title='bbox 304 892 416 969; x_wconf 82' lang='lat' dir='ltr'>injurie.</span> <span class='ocrx_word' id='word_1_53' title='bbox 458 891 578 950; x_wconf 81' lang='lat' dir='ltr'><strong>Leviora</strong></span> <span class='ocrx_word' id='word_1_54' title='bbox 594 893 671 950; x_wconf 90' lang='lat' dir='ltr'>enirn</span> <span class='ocrx_word' id='word_1_55' title='bbox 685 902 752 951; x_wconf 88' lang='lat' dir='ltr'>sunt</span> <span class='ocrx_word' id='word_1_56' title='bbox 765 910 807 960; x_wconf 82' lang='lat' dir='ltr'>ea,</span> <span class='ocrx_word' id='word_1_57' title='bbox 823 911 891 966; x_wconf 79' lang='lat' dir='ltr'>quae</span> <span class='ocrx_word' id='word_1_58' title='bbox 915 915 953 953; x_wconf 84' lang='lat' dir='ltr'>re</span> 
     </span>
     <span class='ocr_line' id='line_1_10' title="bbox 160 969 952 1046; baseline 0.008 -20"><span class='ocrx_word' id='word_1_59' title='bbox 160 971 276 1046; x_wconf 83' lang='lat' dir='ltr'>pontino</span> <span class='ocrx_word' id='word_1_60' title='bbox 291 971 384 1043; x_wconf 84' lang='lat' dir='ltr'>aliquo</span> <span class='ocrx_word' id='word_1_61' title='bbox 400 979 477 1028; x_wconf 89' lang='lat' dir='ltr'>motu</span> <span class='ocrx_word' id='word_1_62' title='bbox 500 969 639 1039; x_wconf 84' lang='lat' dir='ltr'>accidunt,</span> <span class='ocrx_word' id='word_1_63' title='bbox 654 989 739 1044; x_wconf 80' lang='lat' dir='ltr'>quem</span> <span class='ocrx_word' id='word_1_64' title='bbox 753 989 796 1036; x_wconf 80' lang='lat' dir='ltr'>ee.</span> <span class='ocrx_word' id='word_1_65' title='bbox 812 990 879 1044; x_wconf 79' lang='lat' dir='ltr'>quae</span> <span class='ocrx_word' id='word_1_66' title='bbox 897 987 952 1032; x_wconf 77' lang='lat' dir='ltr'>me</span> 
     </span>
     <span class='ocr_line' id='line_1_11' title="bbox 160 1048 976 1130; baseline 0.006 -24"><span class='ocrx_word' id='word_1_67' title='bbox 160 1048 260 1122; x_wconf 83' lang='lat' dir='ltr'>ditata‡</span> <span class='ocrx_word' id='word_1_68' title='bbox 270 1059 298 1106; x_wconf 89' lang='lat' dir='ltr'>et</span> <span class='ocrx_word' id='word_1_69' title='bbox 311 1059 464 1126; x_wconf 77' lang='lat' dir='ltr'>preparata</span> <span class='ocrx_word' id='word_1_70' title='bbox 477 1049 641 1106; x_wconf 77' lang='lat' dir='ltr'>inferuntur.</span> <span class='ocrx_word' id='word_1_71' title='bbox 681 1049 724 1108; x_wconf 75' lang='lat' dir='ltr'>Ao</span> <span class='ocrx_word' id='word_1_72' title='bbox 738 1048 773 1108; x_wconf 87' lang='lat' dir='ltr'>de</span> <span class='ocrx_word' id='word_1_73' title='bbox 787 1049 950 1126; x_wconf 82' lang='lat' dir='ltr'>inserendn§</span> <span class='ocrx_word' id='word_1_74' title='bbox 975 1114 976 1130; x_wconf 49' lang='lat'>,</span> 
     </span>
     <span class='ocr_line' id='line_1_12' title="bbox 161 1127 659 1204; baseline 0.002 -20"><span class='ocrx_word' id='word_1_75' title='bbox 161 1127 276 1200; x_wconf 91' lang='lat' dir='ltr'>quidem</span> <span class='ocrx_word' id='word_1_76' title='bbox 290 1127 392 1204; x_wconf 87' lang='lat' dir='ltr'>injuria</span> <span class='ocrx_word' id='word_1_77' title='bbox 405 1128 472 1185; x_wconf 83' lang='lat' dir='ltr'>satis</span> <span class='ocrx_word' id='word_1_78' title='bbox 488 1127 592 1190; x_wconf 85' lang='lat' dir='ltr'>dictum</span> <span class='ocrx_word' id='word_1_79' title='bbox 607 1137 659 1185; x_wconf 83' lang='lat' dir='ltr'>est.</span> 
     </span>
    </p>
   </div>
   <div class='ocr_carea' id='block_1_3' title="bbox 162 1295 976 1518">
    <p class='ocr_par' dir='ltr' id='par_1_4' title="bbox 162 1295 976 1518">
     <span class='ocr_line' id='line_1_13' title="bbox 162 1295 976 1380; baseline 0.007 -21"><span class='ocrx_word' id='word_1_80' title='bbox 162 1301 251 1360; x_wconf 79' lang='lat' dir='ltr'><strong>CAP.</strong></span> <span class='ocrx_word' id='word_1_81' title='bbox 266 1301 319 1360; x_wconf 76' lang='lat' dir='ltr'>tx.</span> <span class='ocrx_word' id='word_1_82' title='bbox 353 1301 488 1360; x_wconf 70' lang='lat' dir='ltr'>Alteram</span> <span class='ocrx_word' id='word_1_83' title='bbox 501 1295 657 1380; x_wconf 72' lang='lat' dir='ltr'>injustitie</span> <span class='ocrx_word' id='word_1_84' title='bbox 672 1295 795 1380; x_wconf 74' lang='lat' dir='ltr'>speciem</span> <span class='ocrx_word' id='word_1_85' title='bbox 808 1295 910 1364; x_wconf 75' lang='lat' dir='ltr'>inesse</span> <span class='ocrx_word' id='word_1_86' title='bbox 922 1301 951 1364; x_wconf 82' lang='lat' dir='ltr'>in</span> <span class='ocrx_word' id='word_1_87' title='bbox 975 1329 976 1350; x_wconf 62' lang='lat'>1</span> 
     </span>
     <span class='ocr_line' id='line_1_14' title="bbox 194 1377 950 1460; baseline 0.007 -23"><span class='ocrx_word' id='word_1_88' title='bbox 194 1377 443 1458; x_wconf 79' lang='lat' dir='ltr'>praetermioeiooe</span> <span class='ocrx_word' id='word_1_89' title='bbox 465 1378 651 1460; x_wconf 70' lang='lat' dir='ltr'>defentionis.</span> <span class='ocrx_word' id='word_1_90' title='bbox 693 1379 950 1460; x_wconf 79' lang='lat' dir='ltr'>Hujtrenotttntnr</span> 
     </span>
     <span class='ocr_line' id='line_1_15' title="bbox 203 1475 309 1518; baseline 0 -1"><span class='ocrx_word' id='word_1_91' title='bbox 203 1475 309 1518; x_wconf 76' lang='lat' dir='ltr'>caure.</span> 
     </span>
    </p>
   </div>
   <div class='ocr_carea' id='block_1_4' title="bbox 162 1602 949 1763">
    <p class='ocr_par' dir='ltr' id='par_1_5' title="bbox 162 1602 949 1763">
     <span class='ocr_line' id='line_1_16' title="bbox 202 1602 949 1674; baseline 0.004 -11"><span class='ocrx_word' id='word_1_92' title='bbox 202 1602 494 1668; x_wconf 75' lang='lat' dir='ltr'>Pnnrnnrtrrnuunrn</span> <span class='ocrx_word' id='word_1_93' title='bbox 529 1613 621 1663; x_wconf 85' lang='lat' dir='ltr'>autem</span> <span class='ocrx_word' id='word_1_94' title='bbox 655 1604 837 1674; x_wconf 79' lang='lat' dir='ltr'>defensionis,</span> <span class='ocrx_word' id='word_1_95' title='bbox 871 1607 949 1666; x_wconf 82' lang='lat' dir='ltr'>dese</span> 
     </span>
     <span class='ocr_line' id='line_1_17' title="bbox 162 1685 949 1763; baseline 0.003 -21"><span class='ocrx_word' id='word_1_96' title='bbox 162 1685 296 1759; x_wconf 87' lang='lat' dir='ltr'>rendique</span> <span class='ocrx_word' id='word_1_97' title='bbox 311 1685 407 1754; x_wconf 80' lang='lat' dir='ltr'>officii,</span> <span class='ocrx_word' id='word_1_98' title='bbox 422 1686 516 1763; x_wconf 85' lang='lat' dir='ltr'>plures</span> <span class='ocrx_word' id='word_1_99' title='bbox 531 1685 623 1743; x_wconf 83' lang='lat' dir='ltr'>solent</span> <span class='ocrx_word' id='word_1_100' title='bbox 636 1703 699 1742; x_wconf 85' lang='lat' dir='ltr'>esse</span> <span class='ocrx_word' id='word_1_101' title='bbox 714 1697 830 1741; x_wconf 81' lang='lat' dir='ltr'>caussae.</span> <span class='ocrx_word' id='word_1_102' title='bbox 874 1686 949 1744; x_wconf 84' lang='lat' dir='ltr'>Nam</span> 
     </span>
    </p>
   </div>
   <div class='ocr_carea' id='block_1_5' title="bbox 162 1855 977 2872">
    <p class='ocr_par' dir='ltr' id='par_1_6' title="bbox 162 1855 977 2045">
     <span class='ocr_line' id='line_1_18' title="bbox 194 1855 977 1924; baseline 0.006 -20"><span class='ocrx_word' id='word_1_103' title='bbox 194 1859 209 1890; x_wconf 59' lang='lat'>³</span> <span class='ocrx_word' id='word_1_104' title='bbox 222 1859 405 1906; x_wconf 80' lang='lat' dir='ltr'>Perturbntionc</span> <span class='ocrx_word' id='word_1_105' title='bbox 418 1857 453 1905; x_wconf 80' lang='lat' dir='ltr'>ali</span> <span class='ocrx_word' id='word_1_106' title='bbox 486 1871 509 1902; x_wconf 86' lang='lat' dir='ltr'>a.</span> <span class='ocrx_word' id='word_1_107' title='bbox 542 1857 571 1904; x_wconf 84' lang='lat' dir='ltr'>ln</span> <span class='ocrx_word' id='word_1_108' title='bbox 589 1871 605 1904; x_wconf 89' lang='lat' dir='ltr'>n</span> <span class='ocrx_word' id='word_1_109' title='bbox 622 1856 714 1904; x_wconf 74' lang='lat' dir='ltr'>sudden</span> <span class='ocrx_word' id='word_1_110' title='bbox 725 1855 851 1906; x_wconf 79' lang='lat' dir='ltr'>ebullition</span> <span class='ocrx_word' id='word_1_111' title='bbox 863 1860 895 1924; x_wconf 87' lang='lat' dir='ltr'>os</span> <span class='ocrx_word' id='word_1_112' title='bbox 899 1875 950 1924; x_wconf 78' lang='lat' dir='ltr'>pne</span> <span class='ocrx_word' id='word_1_113' title='bbox 976 1909 977 1918; x_wconf 60' lang='grc'>,</span> 
     </span>
     <span class='ocr_line' id='line_1_19' title="bbox 162 1919 950 1984; baseline 0.008 -19"><span class='ocrx_word' id='word_1_114' title='bbox 162 1919 222 1968; x_wconf 71' lang='lat' dir='ltr'>sion</span> <span class='ocrx_word' id='word_1_115' title='bbox 245 1921 439 1974; x_wconf 82' lang='lat' dir='ltr'>Tusc.Qnrest.l</span> <span class='ocrx_word' id='word_1_116' title='bbox 465 1923 505 1964; x_wconf 81' lang='grc'>,5.</span> <span class='ocrx_word' id='word_1_117' title='bbox 539 1920 623 1972; x_wconf 77' lang='lat' dir='ltr'>“Quoe&#39;</span> <span class='ocrx_word' id='word_1_118' title='bbox 634 1920 950 1984; x_wconf 57' lang='lat' dir='ltr'>Grecinddrvocnntfflt·</span> 
     </span>
     <span class='ocr_line' id='line_1_20' title="bbox 163 1981 950 2045; baseline 0.008 -15"><span class='ocrx_word' id='word_1_119' title='bbox 163 1985 200 2030; x_wconf 86' lang='lat' dir='ltr'>bis</span> <span class='ocrx_word' id='word_1_120' title='bbox 210 1986 404 2042; x_wconf 73' lang='lat' dir='ltr'>perturbationes</span> <span class='ocrx_word' id='word_1_121' title='bbox 416 1981 536 2040; x_wconf 76' lang='lat' dir='ltr'>appellari</span> <span class='ocrx_word' id='word_1_122' title='bbox 549 1984 627 2043; x_wconf 73' lang='lat' dir='ltr'>magis</span> <span class='ocrx_word' id='word_1_123' title='bbox 640 1985 731 2043; x_wconf 76' lang='lat' dir='ltr'>placet,</span> <span class='ocrx_word' id='word_1_124' title='bbox 740 2001 814 2045; x_wconf 80' lang='lat' dir='ltr'>quam</span> <span class='ocrx_word' id='word_1_125' title='bbox 827 1987 950 2035; x_wconf 87' lang='lat' dir='ltr'>morbos.&#39;‘</span> 
     </span>
    </p>

    <p class='ocr_par' dir='ltr' id='par_1_7' title="bbox 163 2044 953 2554">
     <span class='ocr_line' id='line_1_21' title="bbox 196 2044 950 2109; baseline 0.017 -24"><span class='ocrx_word' id='word_1_126' title='bbox 196 2051 206 2100; x_wconf 62' lang='lat' dir='ltr'>p</span> <span class='ocrx_word' id='word_1_127' title='bbox 222 2046 339 2108; x_wconf 72' lang='lat' dir='ltr'>cogitata,</span> <span class='ocrx_word' id='word_1_128' title='bbox 373 2046 473 2094; x_wconf 65' lang='lat' dir='ltr'>Several</span> <span class='ocrx_word' id='word_1_129' title='bbox 482 2044 584 2105; x_wconf 80' lang='lat' dir='ltr'>editors,</span> <span class='ocrx_word' id='word_1_130' title='bbox 596 2055 638 2093; x_wconf 86' lang='lat' dir='ltr'>not</span> <span class='ocrx_word' id='word_1_131' title='bbox 648 2049 766 2109; x_wconf 83' lang='lat' dir='ltr'>relisbing</span> <span class='ocrx_word' id='word_1_132' title='bbox 775 2051 817 2096; x_wconf 86' lang='lat' dir='ltr'>tlte</span> <span class='ocrx_word' id='word_1_133' title='bbox 826 2061 950 2099; x_wconf 84' lang='lat' dir='ltr'>construc-</span> 
     </span>
     <span class='ocr_line' id='line_1_22' title="bbox 163 2109 950 2176; baseline 0.009 -20"><span class='ocrx_word' id='word_1_134' title='bbox 163 2109 214 2156; x_wconf 91' lang='lat' dir='ltr'>tion</span> <span class='ocrx_word' id='word_1_135' title='bbox 227 2112 256 2155; x_wconf 83' lang='lat' dir='ltr'>ol</span> <span class='ocrx_word' id='word_1_136' title='bbox 264 2126 295 2156; x_wconf 78' lang='lat' dir='ltr'>an</span> <span class='ocrx_word' id='word_1_137' title='bbox 308 2112 398 2157; x_wconf 72' lang='lat' dir='ltr'>adverb</span> <span class='ocrx_word' id='word_1_138' title='bbox 402 2109 489 2170; x_wconf 89' lang='lat' dir='ltr'>joined</span> <span class='ocrx_word' id='word_1_139' title='bbox 502 2109 533 2166; x_wconf 78' lang='lat' dir='ltr'>by</span> <span class='ocrx_word' id='word_1_140' title='bbox 543 2125 558 2156; x_wconf 83' lang='lat' dir='ltr'>u</span> <span class='ocrx_word' id='word_1_141' title='bbox 569 2110 737 2174; x_wconf 76' lang='lat' dir='ltr'>conjunctior,</span> <span class='ocrx_word' id='word_1_142' title='bbox 748 2123 774 2158; x_wconf 93' lang='lat' dir='ltr'>to</span> <span class='ocrx_word' id='word_1_143' title='bbox 786 2128 817 2160; x_wconf 81' lang='lat' dir='ltr'>nu</span> <span class='ocrx_word' id='word_1_144' title='bbox 830 2115 950 2176; x_wconf 73' lang='lat' dir='ltr'>adjectivo</span> 
     </span>
     <span class='ocr_line' id='line_1_23' title="bbox 163 2172 950 2241; baseline 0.008 -22"><span class='ocrx_word' id='word_1_145' title='bbox 163 2187 192 2219; x_wconf 89' lang='lat' dir='ltr'>or</span> <span class='ocrx_word' id='word_1_146' title='bbox 212 2175 348 2234; x_wconf 71' lang='lat' dir='ltr'>participle,</span> <span class='ocrx_word' id='word_1_147' title='bbox 360 2177 425 2221; x_wconf 81' lang='lat' dir='ltr'>nster</span> <span class='ocrx_word' id='word_1_148' title='bbox 436 2172 483 2218; x_wconf 86' lang='lat' dir='ltr'>thls</span> <span class='ocrx_word' id='word_1_149' title='bbox 501 2175 566 2219; x_wconf 78' lang='lat' dir='ltr'>word</span> <span class='ocrx_word' id='word_1_150' title='bbox 579 2181 605 2220; x_wconf 94' lang='lat' dir='ltr'>to</span> <span class='ocrx_word' id='word_1_151' title='bbox 622 2175 732 2237; x_wconf 85' lang='lat' dir='ltr'>cogitate,</span> <span class='ocrx_word' id='word_1_152' title='bbox 750 2191 778 2223; x_wconf 92' lang='lat' dir='ltr'>or</span> <span class='ocrx_word' id='word_1_153' title='bbox 797 2185 822 2224; x_wconf 89' lang='lat' dir='ltr'>to</span> <span class='ocrx_word' id='word_1_154' title='bbox 842 2180 950 2241; x_wconf 77' lang='lat' dir='ltr'>cogitato.</span> 
     </span>
     <span class='ocr_line' id='line_1_24' title="bbox 163 2237 950 2302; baseline 0.013 -20"><span class='ocrx_word' id='word_1_155' title='bbox 163 2237 216 2283; x_wconf 86' lang='lat' dir='ltr'>Tlte</span> <span class='ocrx_word' id='word_1_156' title='bbox 236 2237 308 2284; x_wconf 81' lang='lat' dir='ltr'>letter</span> <span class='ocrx_word' id='word_1_157' title='bbox 326 2239 392 2284; x_wconf 85' lang='lat' dir='ltr'>word</span> <span class='ocrx_word' id='word_1_158' title='bbox 414 2237 532 2297; x_wconf 79' lang='lat' dir='ltr'>(adopted</span> <span class='ocrx_word' id='word_1_159' title='bbox 550 2239 582 2298; x_wconf 81' lang='lat' dir='ltr'>by</span> <span class='ocrx_word' id='word_1_160' title='bbox 600 2239 710 2302; x_wconf 86' lang='lat' dir='ltr'>Ernesti)</span> <span class='ocrx_word' id='word_1_161' title='bbox 728 2241 753 2286; x_wconf 89' lang='lat' dir='ltr'>in</span> <span class='ocrx_word' id='word_1_162' title='bbox 773 2255 805 2287; x_wconf 83' lang='lat' dir='ltr'>nu</span> <span class='ocrx_word' id='word_1_163' title='bbox 826 2242 950 2292; x_wconf 76' lang='lat' dir='ltr'>edverbltl</span> 
     </span>
     <span class='ocr_line' id='line_1_25' title="bbox 164 2300 953 2364; baseline 0.01 -19"><span class='ocrx_word' id='word_1_164' title='bbox 164 2301 236 2358; x_wconf 76' lang='lat' dir='ltr'>form,</span> <span class='ocrx_word' id='word_1_165' title='bbox 248 2301 293 2347; x_wconf 80' lang='lat' dir='ltr'>bns</span> <span class='ocrx_word' id='word_1_166' title='bbox 305 2310 347 2348; x_wconf 88' lang='lat' dir='ltr'>not</span> <span class='ocrx_word' id='word_1_167' title='bbox 358 2303 418 2348; x_wconf 86' lang='lat' dir='ltr'>been</span> <span class='ocrx_word' id='word_1_168' title='bbox 428 2300 571 2348; x_wconf 84' lang='lat' dir='ltr'>discovered</span> <span class='ocrx_word' id='word_1_169' title='bbox 580 2304 719 2351; x_wconf 71' lang='lat' dir='ltr'>elsewhere.</span> <span class='ocrx_word' id='word_1_170' title='bbox 751 2304 780 2351; x_wconf 89' lang='lat' dir='ltr'>In</span> <span class='ocrx_word' id='word_1_171' title='bbox 791 2305 864 2364; x_wconf 81' lang='lat' dir='ltr'>chop.</span> <span class='ocrx_word' id='word_1_172' title='bbox 876 2308 918 2356; x_wconf 85' lang='grc'>38.</span> <span class='ocrx_word' id='word_1_173' title='bbox 929 2308 953 2355; x_wconf 87' lang='lat' dir='ltr'>ol</span> 
     </span>
     <span class='ocr_line' id='line_1_26' title="bbox 164 2363 950 2422; baseline 0.009 -13"><span class='ocrx_word' id='word_1_174' title='bbox 164 2363 213 2410; x_wconf 83' lang='lat' dir='ltr'>this</span> <span class='ocrx_word' id='word_1_175' title='bbox 230 2365 303 2422; x_wconf 85' lang='lat' dir='ltr'>book,</span> <span class='ocrx_word' id='word_1_176' title='bbox 320 2379 405 2412; x_wconf 79' lang='lat' dir='ltr'>occurs</span> <span class='ocrx_word' id='word_1_177' title='bbox 418 2380 449 2411; x_wconf 82' lang='lat' dir='ltr'>nn</span> <span class='ocrx_word' id='word_1_178' title='bbox 468 2364 578 2412; x_wconf 80' lang='lat' dir='ltr'>instance</span> <span class='ocrx_word' id='word_1_179' title='bbox 594 2368 624 2412; x_wconf 69' lang='lat' dir='ltr'>ot*</span> <span class='ocrx_word' id='word_1_180' title='bbox 636 2381 652 2413; x_wconf 83' lang='lat' dir='ltr'>n</span> <span class='ocrx_word' id='word_1_181' title='bbox 668 2368 761 2414; x_wconf 78' lang='lat' dir='ltr'>similar</span> <span class='ocrx_word' id='word_1_182' title='bbox 776 2374 950 2419; x_wconf 79' lang='lat' dir='ltr'>construction.</span> 
     </span>
     <span class='ocr_line' id='line_1_27' title="bbox 163 2427 950 2494; baseline 0.008 -19"><span class='ocrx_word' id='word_1_183' title='bbox 163 2427 203 2476; x_wconf 66' lang='lat' dir='ltr'>ild</span> <span class='ocrx_word' id='word_1_184' title='bbox 210 2427 253 2474; x_wconf 82' lang='lat' dir='ltr'>boc</span> <span class='ocrx_word' id='word_1_185' title='bbox 262 2443 339 2490; x_wconf 73' lang='lat' dir='ltr'>genus</span> <span class='ocrx_word' id='word_1_186' title='bbox 349 2427 482 2492; x_wconf 79' lang='lat' dir='ltr'>castigandi</span> <span class='ocrx_word' id='word_1_187' title='bbox 492 2441 547 2476; x_wconf 85' lang='lat' dir='ltr'>roro</span> <span class='ocrx_word' id='word_1_188' title='bbox 558 2429 673 2493; x_wconf 80' lang='lat' dir='ltr'>invitique</span> <span class='ocrx_word' id='word_1_189' title='bbox 684 2431 812 2479; x_wconf 68' lang='lat' dir='ltr'>veniamus</span> <span class='ocrx_word' id='word_1_190' title='bbox 833 2433 950 2494; x_wconf 78' lang='lat' dir='ltr'>Another,</span> 
     </span>
     <span class='ocr_line' id='line_1_28' title="bbox 165 2491 950 2554; baseline 0.01 -15"><span class='ocrx_word' id='word_1_191' title='bbox 165 2492 208 2540; x_wconf 91' lang='lat' dir='ltr'>lib.</span> <span class='ocrx_word' id='word_1_192' title='bbox 217 2491 271 2539; x_wconf 87' lang='lat' dir='ltr'>Vll.</span> <span class='ocrx_word' id='word_1_193' title='bbox 285 2493 328 2552; x_wconf 84' lang='lat' dir='ltr'>Ep.</span> <span class='ocrx_word' id='word_1_194' title='bbox 337 2491 376 2540; x_wconf 78' lang='lat'>22.</span> <span class='ocrx_word' id='word_1_195' title='bbox 384 2497 416 2539; x_wconf 81' lang='lat' dir='ltr'>nd</span> <span class='ocrx_word' id='word_1_196' title='bbox 428 2493 483 2539; x_wconf 75' lang='lat' dir='ltr'>niv.</span> <span class='ocrx_word' id='word_1_197' title='bbox 503 2495 518 2520; x_wconf 69' lang='lat'>¹³</span> <span class='ocrx_word' id='word_1_198' title='bbox 529 2493 594 2540; x_wconf 90' lang='lat' dir='ltr'>Beue</span> <span class='ocrx_word' id='word_1_199' title='bbox 607 2503 677 2553; x_wconf 86' lang='lat' dir='ltr'>potus</span> <span class='ocrx_word' id='word_1_200' title='bbox 689 2509 792 2554; x_wconf 88' lang='lat' dir='ltr'>seroque</span> <span class='ocrx_word' id='word_1_201' title='bbox 803 2493 950 2551; x_wconf 65' lang='lat' dir='ltr'>rediernmJ&#39;</span> 
     </span>
    </p>

    <p class='ocr_par' dir='ltr' id='par_1_8' title="bbox 165 2556 949 2872">
     <span class='ocr_line' id='line_1_29' title="bbox 197 2556 949 2619; baseline -0.005 -16"><span class='ocrx_word' id='word_1_202' title='bbox 197 2556 346 2614; x_wconf 64' lang='lat' dir='ltr'>Meditata.</span> <span class='ocrx_word' id='word_1_203' title='bbox 380 2557 508 2619; x_wconf 77' lang='lat' dir='ltr'>Derigned.</span> <span class='ocrx_word' id='word_1_204' title='bbox 542 2558 603 2604; x_wconf 81' lang='lat' dir='ltr'>This</span> <span class='ocrx_word' id='word_1_205' title='bbox 622 2559 751 2618; x_wconf 83' lang='lat' dir='ltr'>participle</span> <span class='ocrx_word' id='word_1_206' title='bbox 769 2558 789 2604; x_wconf 84' lang='lat' dir='ltr'>is</span> <span class='ocrx_word' id='word_1_207' title='bbox 810 2563 852 2603; x_wconf 89' lang='lat' dir='ltr'>not</span> <span class='ocrx_word' id='word_1_208' title='bbox 870 2565 949 2612; x_wconf 82' lang='lat' dir='ltr'>unsre.</span> 
     </span>
     <span class='ocr_line' id='line_1_30' title="bbox 166 2621 949 2682; baseline 0.013 -16"><span class='ocrx_word' id='word_1_209' title='bbox 166 2621 266 2682; x_wconf 84' lang='lat' dir='ltr'>quently</span> <span class='ocrx_word' id='word_1_210' title='bbox 284 2622 415 2682; x_wconf 76' lang='lat' dir='ltr'>employed</span> <span class='ocrx_word' id='word_1_211' title='bbox 428 2623 451 2667; x_wconf 91' lang='lat' dir='ltr'>ln</span> <span class='ocrx_word' id='word_1_212' title='bbox 464 2636 479 2667; x_wconf 81' lang='lat' dir='ltr'>n</span> <span class='ocrx_word' id='word_1_213' title='bbox 491 2621 586 2680; x_wconf 74' lang='lat' dir='ltr'>passive</span> <span class='ocrx_word' id='word_1_214' title='bbox 598 2636 683 2668; x_wconf 83' lang='lat' dir='ltr'>sense:</span> <span class='ocrx_word' id='word_1_215' title='bbox 705 2623 746 2668; x_wconf 89' lang='lat' dir='ltr'>the</span> <span class='ocrx_word' id='word_1_216' title='bbox 761 2621 819 2667; x_wconf 85' lang='lat' dir='ltr'>verb</span> <span class='ocrx_word' id='word_1_217' title='bbox 831 2621 900 2672; x_wconf 81' lang='lat' dir='ltr'>itsels</span> <span class='ocrx_word' id='word_1_218' title='bbox 907 2629 949 2675; x_wconf 80' lang='lat' dir='ltr'>ltus</span> 
     </span>
     <span class='ocr_line' id='line_1_31' title="bbox 165 2685 949 2752; baseline 0.008 -20"><span class='ocrx_word' id='word_1_219' title='bbox 165 2687 268 2750; x_wconf 68' lang='lat' dir='ltr'>beenpo</span> <span class='ocrx_word' id='word_1_220' title='bbox 280 2686 408 2746; x_wconf 84' lang='lat' dir='ltr'>employed</span> <span class='ocrx_word' id='word_1_221' title='bbox 422 2687 451 2745; x_wconf 77' lang='lat' dir='ltr'>by</span> <span class='ocrx_word' id='word_1_222' title='bbox 463 2685 524 2733; x_wconf 90' lang='lat' dir='ltr'>Min.</span> <span class='ocrx_word' id='word_1_223' title='bbox 535 2685 588 2732; x_wconf 83' lang='lat' dir='ltr'>Fel.</span> <span class='ocrx_word' id='word_1_224' title='bbox 598 2697 652 2745; x_wconf 81' lang='lat' dir='ltr'>cop.</span> <span class='ocrx_word' id='word_1_225' title='bbox 664 2685 704 2732; x_wconf 74' lang='lat'>25.</span> <span class='ocrx_word' id='word_1_226' title='bbox 714 2687 751 2733; x_wconf 73' lang='lat'>12.</span> <span class='ocrx_word' id='word_1_227' title='bbox 762 2687 779 2714; x_wconf 88' lang='lat'>“</span> <span class='ocrx_word' id='word_1_228' title='bbox 789 2685 835 2734; x_wconf 90' lang='lat' dir='ltr'>Ubi</span> <span class='ocrx_word' id='word_1_229' title='bbox 848 2692 949 2752; x_wconf 78' lang='lat' dir='ltr'>mugitu</span> 
     </span>
     <span class='ocr_line' id='line_1_32' title="bbox 166 2749 949 2814; baseline 0.009 -19"><span class='ocrx_word' id='word_1_230' title='bbox 166 2751 333 2797; x_wconf 73' lang='lat' dir='ltr'>sacerdotibus</span> <span class='ocrx_word' id='word_1_231' title='bbox 356 2765 430 2810; x_wconf 83' lang='lat' dir='ltr'>quern</span> <span class='ocrx_word' id='word_1_232' title='bbox 449 2751 513 2796; x_wconf 87' lang='lat' dir='ltr'>inter</span> <span class='ocrx_word' id='word_1_233' title='bbox 533 2763 589 2796; x_wconf 81' lang='lat' dir='ltr'>urus</span> <span class='ocrx_word' id='word_1_234' title='bbox 608 2755 633 2795; x_wconf 90' lang='lat' dir='ltr'>et</span> <span class='ocrx_word' id='word_1_235' title='bbox 652 2749 762 2814; x_wconf 81' lang='lat' dir='ltr'>delubra,</span> <span class='ocrx_word' id='word_1_236' title='bbox 782 2751 949 2802; x_wconf 80' lang='lat' dir='ltr'>conducuntur</span> 
     </span>
     <span class='ocr_line' id='line_1_33' title="bbox 166 2813 586 2872; baseline 0.002 -13"><span class='ocrx_word' id='word_1_237' title='bbox 166 2821 260 2872; x_wconf 76' lang='lat' dir='ltr'>stupra,</span> <span class='ocrx_word' id='word_1_238' title='bbox 272 2813 391 2862; x_wconf 75' lang='lat' dir='ltr'>adulteris</span> <span class='ocrx_word' id='word_1_239' title='bbox 404 2813 552 2860; x_wconf 77' lang='lat' dir='ltr'>meditantur</span> <span class='ocrx_word' id='word_1_240' title='bbox 561 2814 586 2859; x_wconf 86' lang='lat'>?’&#39;</span> 
     </span>
    </p>
   </div>
   <div class='ocr_carea' id='block_1_6' title="bbox 198 2875 680 2940">
    <p class='ocr_par' dir='ltr' id='par_1_9' title="bbox 198 2875 680 2940">
     <span class='ocr_line' id='line_1_34' title="bbox 198 2875 680 2940; baseline 0.015 -17"><span class='ocrx_word' id='word_1_241' title='bbox 198 2875 360 2940; x_wconf 72' lang='lat' dir='ltr'>§inserendo</span> <span class='ocrx_word' id='word_1_242' title='bbox 392 2878 550 2927; x_wconf 79' lang='lat' dir='ltr'>Videcbll.</span> <span class='ocrx_word' id='word_1_243' title='bbox 583 2879 680 2931; x_wconf 75' lang='lat' dir='ltr'>notet</span> 
     </span>
    </p>
   </div>
   <div class='ocr_carea' id='block_1_7' title="bbox 0 0 1001 3276">
    <p class='ocr_par' dir='ltr' id='par_1_10' title="bbox 0 0 1001 3276">
     <span class='ocr_line' id='line_1_35' title="bbox 0 0 1001 3276; baseline 0 0"><span class='ocrx_word' id='word_1_244' title='bbox 0 0 1001 3276; x_wconf 95' lang='lat' dir='ltr'> </span> 
     </span>
    </p>
   </div>
  </div>
 </body>
</html>
