1970 3278
331 205 398 256 tte.
409 205 429 256 l.
446 203 583 257 CARXL.
689 284 692 293 .
797 207 852 264 119

67 357 185 425 egentnr
198 355 245 408 aut
257 346 394 418 dicentur,
408 349 473 408 loco
487 367 540 408 suo
554 347 788 408 collocandorum.
809 347 852 406 lta

67 427 177 486 videtur
197 427 296 486 eadem
319 429 362 486 vis
381 428 487 486 ordinis
512 441 541 486 et
564 428 755 488 collocationis
782 428 852 486 fore.

67 503 145 564 Nam
161 504 221 585 [et]
236 507 363 574 ordinem
386 508 428 565 sic
450 507 596 584 definiunt,
618 507 852 583 compositionem

66 603 160 643 rerunt
176 587 247 662 aptis
268 598 296 644 et
318 585 534 644 accommodatis
555 587 635 644 locis.
675 587 782 644 Locum
807 603 853 642 au-

67 671 123 720 tem
137 665 266 730 actionis,
275 666 511 740 opportunitatem
524 665 659 742 temporis
670 683 733 722 esse
746 665 851 722 dieunt.

6 781 8 792 t
67 741 199 818 Tempus
238 754 330 802 autern
365 743 493 810 actionis,
528 754 716 820 opportunum
752 743 852 800 Graece

6 859 7 882 t
66 820 193 898 εὐκαιρία,
208 821 307 880 Latine
318 823 474 899 appellatur
487 823 609 880 occasio.
631 823 680 879 Sic
694 823 735 888 fit,
749 833 780 879 ut
793 840 854 879 mo·

6 919 7 926 ¹
67 900 160 957 destia
186 900 257 968 hoec,
289 919 374 974 quam
403 902 442 958 ita
472 902 694 978 interpretamur,
722 912 753 958 ut
781 900 852 967 dixi,

6 1021 7 1026 η
67 978 190 1036 scientia
202 979 240 1036 sit
252 980 465 1057 opportunitatis
486 980 651 1040 idoneorum
666 979 699 1038 ad
713 979 853 1056 agendum

68 1066 238 1132 temporum.

109 1135 168 1193 Sed
181 1146 274 1212 potest
287 1135 385 1196 eadem
402 1155 466 1195 esse
487 1137 641 1214 prudentiae
660 1135 796 1203 definitio,
817 1135 852 1193 de

69 1233 124 1286 qua
137 1215 278 1292 principio
292 1216 434 1274 diximus:
456 1216 511 1274 hoc
525 1227 617 1274 autem
631 1216 695 1274 loco
709 1216 744 1273 de
758 1215 854 1272 mode·

67 1297 185 1361 ratione,
207 1304 235 1352 et
255 1295 448 1370 temperantia,
473 1304 502 1352 et
525 1313 620 1353 aarum
643 1294 782 1352 similibus
799 1295 853 1351 vir·

69 1373 174 1430 tutibus
200 1373 361 1444 quaerimus.
412 1371 520 1446 ltaque,
533 1393 594 1447 quae
609 1383 687 1430 erant
700 1373 853 1448 prudentiae

69 1453 193 1528 propria,
216 1469 268 1506 suo
282 1451 346 1507 loco
360 1450 522 1508 dictasunt.
563 1452 633 1518 Quae
647 1461 739 1509 autem
755 1452 853 1508 harum

67 1529 213 1592 virtutum,
229 1527 379 1598 dequibus
395 1529 456 1603 jam
477 1529 523 1586 diu
538 1530 688 1602 loquimur,
711 1548 772 1600 quae
792 1547 854 1603 per·

10 1607 13 1612 ’
68 1607 160 1665 tinent
184 1604 218 1662 ad
243 1603 449 1672 verecundiam,
465 1617 493 1663 et
513 1607 548 1662 ad
564 1625 659 1663 eorum
681 1607 854 1681 approbatio·

68 1704 146 1751 nem,
163 1684 265 1758 quibus
280 1701 344 1739 cum
361 1683 493 1750 vivimus,
508 1703 582 1741 nnnc
597 1683 714 1740 dicenda
728 1693 802 1740 sunt.

109 1764 191 1822 'l'alis
207 1773 250 1819 est
265 1762 348 1838 igitur
367 1761 436 1819 ordo
450 1763 590 1820 actionum
608 1760 792 1830 adhibendus,
814 1770 854 1830 nt,

70 1841 203 1915 quemad
218 1841 332 1899 modum
347 1841 377 1898 in
391 1842 515 1898 oratione
530 1840 677 1905 constanti,
693 1841 777 1898 sicin
799 1842 855 1898 vita

70 1923 169 1978 omnia
182 1921 240 1977 sint
253 1930 316 1994 epta
329 1920 402 1976 inter
415 1938 446 1976 se
461 1930 489 1978 et
502 1919 706 1978 convenientia.
756 1921 854 1997 Turpe

71 2009 116 2056 est
135 1998 212 2056 enim
226 1997 362 2070 valdeque
376 1998 520 2066 vitiosum,
534 1999 564 2056 in
577 2017 605 2056 re
620 2017 718 2056 severa
732 2000 854 2058 convivii

71 2076 155 2144 dicta,
180 2086 226 2134 nut
247 2076 395 2135 delicatum
418 2077 538 2150 aliquem
562 2077 663 2136 inferre
684 2096 854 2137 sermonem.

71 2155 151 2214 Beue
166 2156 300 2224 Pericles,
321 2174 386 2214 cum
401 2156 515 2214 haberet
532 2157 668 2234 collegam
689 2157 717 2215 in
738 2169 857 2235 proetura

72 2235 245 2312 Sophoclen,
266 2235 353 2307 hique
374 2233 408 2292 de
429 2237 573 2294 communi
595 2235 689 2294 officio
709 2239 856 2295 convenis·

72 2326 144 2382 sent,
161 2325 189 2372 at
199 2331 265 2371 casu
274 2314 415 2372 formosus
429 2333 497 2390 puer
509 2315 669 2392 praeteriret,
681 2314 855 2388 dixissetque

72 2391 241 2468 Sophocles,
278 2393 331 2450 “O
356 2409 483 2469 puerum
502 2392 674 2470 pulchrum,
702 2394 812 2451 Pericle
824 2391 855 2451 !''

73 2477 93 2505 ‘⁶
106 2472 144 2528 At
157 2473 232 2530 enim
254 2482 411 2548 praetorem,
430 2473 582 2548 Sophocle,
598 2471 678 2529 decet
692 2491 749 2529 non
763 2473 854 2528 solum

73 2565 184 2616 manns,
199 2549 249 2607 sed
263 2553 347 2608 etiam
358 2550 455 2608 oculos
470 2551 640 2610 abstinentes
654 2549 785 2608 habere.”
807 2550 856 2605 At·

74 2643 129 2696 que
143 2627 197 2684 hoc
210 2628 285 2686 idern
306 2629 464 2705 Sophocles
485 2631 510 2686 si
530 2630 560 2688 in
581 2630 743 2686 athletarum
759 2628 857 2702 proba·

74 2704 150 2761 tione
164 2703 292 2773 dixisset,
304 2707 381 2783 justa
393 2708 611 2784 reprehensione
625 2706 775 2764 caruisset:
798 2713 856 2762 tau·

75 2789 103 2838 ta
113 2783 156 2839 vis
171 2793 214 2841 est
227 2795 255 2841 et
267 2785 333 2852 loci,
348 2795 377 2843 et
386 2787 532 2862 temporis.

115 2859 164 2932 Ut,
179 2862 204 2922 si
219 2863 284 2938 .qni,
298 2881 363 2922 cum
383 2881 511 2922 caussam
529 2863 567 2921 sit
579 2869 700 2928 acturus,
715 2859 744 2918 iu
758 2860 857 2918 itinere
