1970 3272
122 214 178 270 150
423 208 472 254 nn
489 207 644 256 osricus,
684 169 688 176 ¹

116 363 237 414 etcum
262 351 385 426 quidem,
413 358 445 406 ut
468 336 683 424 scriptum'est,
709 358 918 426 compunctum

119 435 196 492 notis
210 431 370 497 Thraciis*
386 427 518 486 destricto
538 427 631 504 gladio
651 429 768 504 jubebat
789 429 917 497 anteire3

121 509 358 589 promittebatque
370 505 405 564 de
419 507 599 582 stipatoribus
615 508 685 573 suis,
697 509 746 579 qui
758 517 918 566 scrutaren-

120 601 165 648 tur
178 587 294 654 arculas,
308 586 470 652 muliebres,
485 594 523 653 et,
538 604 575 644 ne
590 585 665 659 quod
685 587 716 642 iu
738 587 916 644 vestimentis

123 666 306 726 occultaretur
317 665 416 732 telum,
431 665 620 737 exquirerent.
651 663 688 722 ,Ο
703 665 851 733 miserum,
866 665 919 738 qui

122 744 278 804 fideliorem
304 752 333 801 et
358 744 505 802 barbarum
535 753 564 802 et
590 742 758 820 stigmatiarn
796 753 917 819 putaret,

119 841 207 897 quum
221 823 387 900 conjugemt
429 821 493 878 Nec
513 840 579 880 eum
599 821 721 883 seseltitt
760 822 805 879 Ab
825 841 860 879 ee
874 831 921 879 est

119 901 198 960 euim
213 901 285 978 ipsa,
307 909 421 978 propter
444 899 592 978 pellicanus
613 900 817 978 suspicionem,
833 900 919 959 iuter-

123 979 241 1052 fectus.‡
847 1019 849 1022 -

164 1057 229 1127 Nec
241 1075 309 1116 vero
326 1058 384 1118 ulla
396 1057 440 1115 vis
462 1056 575 1132 imperii
599 1065 676 1114 tanta
699 1067 752 1125 est,
767 1075 840 1132 qurc,
855 1077 921 1135 prs·

121 1146 218 1195 mente
244 1146 332 1204 metu,
359 1133 451 1213 possit
475 1153 539 1193 esse
567 1134 705 1194 diuturna.
747 1137 845 1194 Testis
873 1147 920 1195 est

124 1214 264 1282 Phalaris,
279 1216 359 1291 cujus
374 1225 418 1272 est
427 1225 527 1291 praeter
538 1224 646 1272 ceteros
660 1215 806 1274 nobilitata
819 1215 920 1274 crude·

123 1292 206 1350 litas:
229 1294 278 1365 qui
301 1311 360 1352 nou
381 1312 418 1352 ex
437 1293 549 1352 insidiis
570 1293 684 1362 interiit,
713 1304 744 1352 ut
765 1295 802 1361 is,
832 1313 918 1366 quem

124 1369 212 1430 modo
225 1371 296 1440 dixi,
317 1371 495 1438 Alexande13
516 1391 574 1430 non
596 1391 613 1428 a
626 1374 734 1447 paucis,
748 1383 780 1430 ut
792 1373 840 1430 hic
855 1391 922 1432 nos·

123 1457 185 1510 ter:
207 1450 301 1508 sedin
316 1468 400 1523 quern
415 1452 546 1508 universa
563 1451 812 1526 Agrigentinorum
827 1451 921 1509 multi·

126 1527 193 1586 tudo
215 1529 352 1604 impetum
378 1529 470 1603 iecit.§
500 1527 597 1596 Quint
636 1529 808 1588 Macedones
823 1549 919 1588 nonne

127 1605 318 1676 Demetriumll
339 1608 521 1682 reliquerunt,
545 1608 725 1682 universique
739 1627 770 1666 se
791 1607 827 1666 ad
848 1609 921 1686 Pyr·

157 1782 174 1814 θ
190 1779 308 1834 t'tracits..
340 1782 472 1832 “Threces
482 1781 585 1838 barbari,
596 1779 660 1842 apud
671 1793 731 1840 quw
741 1776 808 1825 stom
819 1780 925 1844 'figma-

123 1844 191 1896 uuus
202 1853 348 1910 compuncto
358 1848 492 1898 nobilitatis
507 1852 559 1894 erut
572 1843 683 1906 insignes
700 1842 764 1904 apud
776 1841 844 1902 tilios,
856 1849 924 1897 servi

126 1909 222 1976 flugceis
230 1911 372 1960 indicium.'’
389 1911 486 1960 Erusm.
518 1909 572 1957 The
584 1913 667 1971 tyrcnt
678 1907 762 1969 placed
778 1923 847 1956 more
864 1926 924 1960 con..

126 1974 220 2022 fideuce
237 1975 264 2022 in
281 1975 350 2023 these
368 1975 470 2023 tottoocd
487 1973 633 2030 barbaricus,
651 1971 712 2021 then
727 1974 759 2022 he
777 1974 850 2022 could
868 1975 895 2025 iu
906 1994 924 2027 ιι

125 2039 201 2102 hodg·
219 2040 280 2087 unrd
290 2040 419 2102 oomposed
429 2040 460 2088 of
470 2038 571 2086 Greeks.

157 2101 172 2153 f
193 2055 260 2152 dom
265 2103 365 2167 fefellit.
397 2102 573 2152 Whetishere
582 2101 623 2150 the
630 2101 729 2165 ellipse?
746 2104 819 2152 Some
828 2106 920 2156 editors

125 2165 201 2214 insert
211 2167 299 2230 opinio,
312 2169 355 2216 but
366 2167 469 2217 without
483 2167 605 2217 sufficient
621 2175 731 2217 tranent
741 2169 771 2217 of
782 2169 855 2222 Mffi
888 2173 920 2221 In

124 2230 219 2293 Toup's
226 2231 449 2294 opiniunculam
465 2233 492 2280 iu
499 2233 539 2281 the
551 2233 719 2299 Heusingers‘,
732 2233 817 2294 stou,
828 2253 856 2284 or
867 2253 922 2286 curt

121 2297 180 2359 jue,
191 2295 213 2343 is
224 2295 265 2344 the
276 2297 425 2346 nominative
436 2298 518 2347 which
529 2298 616 2347 should
627 2300 656 2346 be
667 2299 784 2362 supplied.
816 2299 923 2358 Quintil.

126 2361 158 2410 ir.
174 2359 233 2409 “Ne
247 2361 360 2410 fefellisse
378 2362 404 2410 in
419 2362 458 2411 his
469 2363 551 2412 videer
568 2363 727 2427 principenr.”
761 2365 806 2426 Ep.
818 2368 849 2416 ud
865 2367 921 2418 Diu,

127 2426 158 2477 ir.
169 2425 192 2475 2.
204 2425 226 2476 t.
259 2425 405 2484 “Quantum
416 2443 461 2476 nus
472 2427 583 2478 fefellerit
595 2429 698 2491 (Goeser)
706 2429 799 2479 uides?

159 2491 334 2556 llutetscctue.
366 2491 438 2541 With
448 2494 490 2542 the
501 2494 541 2542 cid
552 2493 582 2543 of
593 2496 636 2544 her
650 2495 766 2544 brothers.
800 2495 864 2546 Plut.
876 2497 921 2547 l'e·

125 2557 174 2622 lup.
186 2557 258 2606 Diod
269 2557 317 2608 hic.
326 2557 373 2608 xiv.
405 2557 454 2606 She
463 2575 513 2611 wes
522 2561 563 2611 the
571 2560 691 2626 daughter
699 2560 729 2610 of
739 2561 823 2622 Juson,
832 2565 921 2612 nerned

127 2623 157 2674 in
167 2623 209 2672 the
221 2622 281 2672 suth
289 2624 388 2688 chapter
399 2623 429 2671 of
439 2624 481 2672 the
489 2625 621 2690 preceding
632 2626 701 2674 bools.

161 2687 175 2747 d
187 2687 305 2753 Impetum
311 2689 380 2754 fecit.
413 2688 530 2748 Phnlsris,
546 2697 630 2755 tyrent
645 2690 676 2739 of
686 2691 860 2805 Agrigentum,
870 2709 922 2743 wes

125 2755 213 2801 stuned
225 2761 250 2802 to
261 2755 333 2806 death
343 2755 499 2805 iuesudden
509 2757 607 2805 ttuuult.
639 2757 702 2805 'l'his
730 2759 838 2822 uppencd
849 2760 921 2810 chout

127 2816 171 2866 the
183 2817 230 2867 32d
241 2819 380 2884 Olympiaci.
413 2819 466 2870 vu.
473 2821 541 2870 Max.
553 2821 587 2870 iii.
598 2821 621 2870 3.
632 2821 655 2870 2.

158 2880 173 2940 ll
184 2881 344 2936 Demetrium.
376 2885 530 2946 Poliorcetes,
541 2903 584 2938 son
596 2887 626 2936 of
637 2887 785 2955 Antigonus,
800 2894 827 2939 to
836 2888 919 2940 whom
