1978 3268
131 215 188 270 262
419 215 467 263 DE
484 213 637 262 omens,

131 356 243 414 tendere
257 357 363 433 plagas,
378 356 461 430 etiam
474 356 500 412 si
513 355 699 413 excitaturus*
712 371 770 411 non
792 355 844 422 sis,
866 374 921 414 nec

132 435 282 510 agitaturus
294 435 305 491 l
326 434 399 508 Ipste
413 435 488 491 enirn
500 434 564 490 serre
576 433 652 490 nullo
663 434 829 503 insequente
841 452 922 510 saepe

132 513 266 569 incidunt.
307 512 370 573 Sici
383 522 412 569 tu
426 512 500 569 redes
515 512 683 588 proscribas,
698 511 820 580 tabulam
834 511 922 589 (tam-

132 607 216 661 quam
228 589 337 668 plagas)
352 608 451 665 ponas,
467 590 582 647 domum
596 600 709 665 propter
723 589 789 646 vitia
800 590 920 656 vendas,

134 667 164 723 in
178 687 239 724 sam
254 669 356 740 aliquis
371 669 491 725 incurrat
504 668 694 743 imprudens.‡

172 745 238 802 Hoc
258 765 426 818 quamquam
454 746 536 803 video
556 757 669 820 propter
689 744 919 820 depravationem

132 825 342 881 consuetudinis
368 842 460 896 neque
487 841 564 880 inore
592 832 671 897 turpe
691 823 798 890 haberi,
826 841 920 895 neque

132 911 179 957 eut
197 902 260 978 lege
282 902 393 966 sanciri,
415 911 462 958 sut
482 902 545 976 jure
566 901 677 973 civili;§
699 910 793 958 mmen
814 913 918 958 naturae

133 978 195 1056 lege
209 981 345 1036 sancitum
361 980 426 1045 esti}
468 979 593 1035 Societas
608 987 651 1035 est
664 979 738 1035 enirn
763 977 852 1056 (quod
866 979 918 1035 etsi

133 1073 209 1132 saepe
223 1057 328 1113 dictum
342 1067 394 1123 est,
409 1055 557 1113 dicendum
578 1067 670 1113 tamen
686 1066 730 1113 est
748 1056 866 1135 saepius)
881 1057 919 1113 la·

133 1133 241 1190 tissime
255 1132 369 1206 quidem
383 1151 444 1206 quae
465 1143 566 1210 pateat,
581 1133 729 1192 hominum
743 1133 815 1192 inter
828 1135 919 1192 homi·

134 1319 203 1372 finis
211 1322 237 1370 l''
254 1322 322 1372 Verr.
333 1323 358 1372 ii.
367 1323 406 1373 to.
437 1323 536 1373 “Estne
548 1323 663 1372 Sthenius
679 1321 708 1382 is,
719 1322 760 1386 qui
777 1339 862 1372 omnes
878 1323 918 1372 ho-
969 1343 970 1356 ¹

133 1401 205 1436 norea
226 1387 291 1437 domi
308 1389 502 1454 sum—gessitl”
519 1387 573 1437 Mil.
591 1389 627 1436 lt.
644 1389 761 1452 potuitne,
778 1387 824 1436 five
847 1388 918 1436 times

134 1453 252 1515 repeated,
263 1453 300 1502 for
310 1469 388 1502 nonne
396 1455 493 1517 potuit?
510 1453 562 1501 Liv.
574 1452 640 1500 xxiii.
651 1455 674 1500 9.
684 1458 698 1481 ‘¹
708 1459 876 1514 torpescentne
893 1453 918 1501 in

134 1518 241 1566 amentia
256 1518 333 1567 illatt’
360 1517 438 1566 Plaut.
454 1518 542 1566 Pseud.
558 1517 573 1566 i.
590 1516 612 1566 3.
629 1517 682 1566 118.
714 1515 881 1566 “Juravistin'
896 1525 919 1566 to

134 1581 202 1632 illam
213 1582 273 1632 nulli
284 1583 438 1632 venditurum
448 1583 497 1631 nisi
508 1582 592 1642 mihi‚’'
604 1583 651 1630 and
663 1581 689 1630 in
700 1583 791 1631 several
806 1582 875 1631 other
886 1583 919 1631 in-
970 1624 971 1638 ἶ

133 1648 330 1698 stnnoesinthat
341 1648 429 1697 writer.
462 1647 493 1696 In
510 1647 658 1697 commentin
686 1663 744 1696 ona
758 1647 852 1696 similar
870 1663 919 1710 pas-
970 1657 971 1662 ’

134 1727 193 1776 sege
204 1714 333 1778 occurring
345 1713 383 1761 De
394 1713 462 1761 Orat.
473 1713 498 1760 ii.
511 1713 548 1787 15ἲ
556 1712 638 1786 which
673 1711 747 1760 mesti
758 1712 806 1760 hed
818 1712 920 1776 thought

134 1777 703 1904 tltltlttllthttlii‘ltltttttllt
712 1779 919 1900 {thllttf’tl

134 1906 291 1964 maintained,
302 1912 316 1934 “
326 1907 368 1954 sed
379 1906 429 1954 fers
441 1905 657 1954 innumerabilibus
668 1905 803 1969 priscorum
814 1905 882 1965 locis,
891 1921 919 1954 ne

136 1984 180 2032 pro
187 1985 273 2028 nonne,
284 1970 412 2018 ocourrit.”

167 2036 183 2068 θ
199 2035 368 2083 Recitaturus.
400 2034 499 2086 Ernesti
508 2035 564 2082 here
575 2034 713 2084 introduces
720 2035 762 2084 the
771 2036 837 2083 word
843 2033 920 2098 ferm,

137 2097 218 2146 which
233 2099 255 2146 is
271 2099 407 2148 warrsuted
424 2101 457 2163 by
468 2116 514 2148 one
525 2099 579 2148 MS.
590 2101 638 2148 end
655 2101 775 2162 approved
786 2101 820 2163 by
832 2099 920 2162 Biahop

136 2160 232 2210 Pearoe.
265 2163 361 2211 Several
371 2163 439 2211 other
452 2163 522 2212 MSS.
534 2165 591 2212 read
602 2163 708 2212 bestiam.
741 2165 860 2213 Excitare
871 2179 920 2213 was

137 2232 225 2274 aterm
236 2227 262 2274 in
279 2227 392 2291 hunting,
403 2230 462 2275 used
480 2229 516 2276 for
534 2228 638 2293 starting
654 2229 693 2278 the
711 2245 790 2293 geme,
805 2235 831 2276 tc
842 2228 920 2278 which

136 2290 238 2354 perhaps
249 2306 281 2339 no
292 2292 428 2340 coarmative
440 2292 563 2356 following
574 2309 625 2342 was
633 2294 751 2354 required.
783 2293 815 2340 In
826 2292 874 2342 this
885 2293 919 2342 in-

137 2361 228 2413 stance,
239 2371 302 2404 none
314 2355 335 2403 is
347 2355 421 2404 found
431 2357 458 2404 in
468 2357 510 2405 the
522 2357 593 2405 MSS.
604 2356 633 2405 of
639 2359 692 2406 best
702 2357 832 2422 authority.

169 2421 182 2472 †
197 2421 255 2468 Sto.-
272 2420 298 2468 in
311 2419 361 2468 like
372 2435 480 2468 manner.

169 2485 180 2537 i
197 2484 348 2550 Impmdens.
380 2484 434 2532 The
446 2485 598 2548 Heusingers
609 2485 666 2533 here
677 2486 744 2548 place
756 2503 772 2536 a
782 2493 838 2536 note
850 2485 880 2536 of
886 2487 920 2536 in·

137 2555 202 2597 terro
220 2550 299 2607 ation;
315 2549 452 2598 erroneousl
470 2549 509 2607 ,it
518 2551 599 2598 would
610 2565 683 2599 seem.

170 2565 260 2672 §gare
275 2613 349 2663 ciuili.
382 2613 436 2662 'l'he
452 2565 525 2676 deges,
541 2629 568 2662 or
585 2613 651 2679 leges
669 2616 773 2680 scripte,
783 2630 825 2663 are
841 2611 923 2665 distin·

137 2677 241 2788 ffished
251 2679 314 2728 from
324 2679 365 2728 the
377 2680 424 2742 jue
435 2677 513 2736 avita,
523 2694 551 2726 as
561 2695 606 2728 σω·
621 2686 717 2738 steorte,
731 2679 794 2728 from
811 2693 923 2730 mmor

138 2803 445 2917 nllafflfflmm
465 2813 507 2854 eet.
545 2805 589 2856 Yet
607 2807 627 2854 it
646 2805 669 2854 ie
683 2806 815 2870 forbidden
835 2807 865 2873 ty
886 2808 924 2856 the
