1970 3272
145 233 202 286 180
285 194 293 209 '
424 225 471 272 nn
489 221 635 274 osricus

144 370 189 428 val
203 388 254 446 spo
275 367 468 444 indigentium,
482 366 528 424 vel
549 383 647 424 eorum
661 363 711 435 qni
730 361 841 420 defensi
852 371 939 428 sunt,

194 449 254 506 tiat
277 446 354 504 Huic
368 463 466 522 ergon
477 444 630 521 majoribus
644 441 748 500 nostris
762 449 806 498 ast
820 440 851 498 in
867 450 939 517 toga

165 525 284 602 ignitstis
298 524 470 600 principatus
490 523 580 582 datus.
619 520 727 582 Diserti
740 519 826 596 igitur
839 519 938 577 homi·

142 606 199 673 pis,
220 613 248 660 et
266 601 365 660 facile*
383 603 544 669 laborantis,
564 599 695 674 quodque
717 598 748 655 in
770 597 869 674 patriis
891 607 939 654 est

141 682 279 752 moribus,
302 681 454 740 multorum
479 698 603 746 caussas,
626 687 654 735 ot
676 695 734 735 non
758 687 885 753 gravata,
906 685 937 732 et

143 760 262 836 gntuito
284 758 485 827 defendentis‚†
505 756 644 816 beneficia
656 763 685 814 et
706 753 864 831 patrocinia
877 753 936 812 lata

162 846 247 896 atent-

141 855 161 914 Ρ
182 915 360 974 'Admonebat
380 933 426 972 me
446 932 501 980 res,
515 921 547 970 ot
559 912 615 969 hoc
634 929 747 986 quoqne
768 909 833 969 loco
846 909 934 968 inter·

140 994 309 1061 missionem
323 993 500 1064 eloquentis,
515 1009 552 1048 ne
560 989 653 1056 dicam
667 989 822 1056 interitum,
834 987 934 1064 deplo-

142 1090 253 1130 rarem:
275 1072 306 1130 ni
319 1088 439 1137 vererer,
461 1088 498 1128 ns
511 1068 605 1126 deme
619 1069 683 1146 ipso
702 1065 808 1140 aliquid
822 1066 935 1124 viderer

140 1149 233 1222 queri,
273 1148 331 1210 Sed
344 1157 438 1206 tamen
452 1147 590 1215 videmus,
599 1147 702 1219 quibus
711 1145 858 1204 exstinctis
873 1163 935 1203 ora·

143 1228 260 1294 toribus,
272 1245 357 1300 quam
372 1227 401 1284 in
423 1227 520 1302 paneis
534 1244 612 1302 spes,
627 1233 730 1298 quanto
744 1224 775 1282 in
794 1223 934 1299 pauciori·

140 1306 196 1374 bus
217 1305 344 1373 facultas,
359 1324 443 1378 quam
466 1305 496 1362 in
517 1304 613 1362 multis
628 1305 666 1362 sit
687 1301 811 1362 audacis.
854 1300 933 1366 Cum

143 1393 237 1440 sutem
257 1401 357 1452 omnes
378 1402 435 1442 non
458 1383 576 1459 possint,
592 1399 628 1441 ne
642 1381 722 1440 multi
745 1378 871 1452 quidem,
885 1391 935 1436 aut

140 1461 213 1538 juris
233 1463 315 1538 periti
337 1480 411 1529 esse,
426 1471 474 1520 aut
495 1460 612 1528 diserti;
638 1459 704 1518 licet
727 1468 822 1516 tamen
846 1475 935 1534 opera

144 1539 279 1618 prodesse
293 1541 399 1607 multis.
414 1539 551 1610 beneficia
565 1547 718 1615 petentem,
733 1535 934 1608 commendata.-

176 1716 192 1747 *
209 1715 300 1766 Facile.
336 1713 473 1790 Wzdioglp.
504 1713 576 1764 Asin
588 1711 634 1775 Ep.
645 1711 670 1760 ii.
682 1710 719 1759 16.
731 1709 753 1760 6.
785 1708 881 1766 “Quod
892 1725 934 1758 an·

142 1785 194 1860 tepn
206 1780 233 1830 in
243 1780 373 1830 maritimis
385 1779 499 1854 famlhme
510 1775 705 1834 sum.''-Foaile
716 1773 857 1834 Mimantis,
866 1789 933 1839 φιλα-

143 1843 567 1970 miwtir'rodtidtdnddietiddddtiffio
578 1905 618 1953 aid
634 1904 684 1952 this
700 1903 932 1963 dimnterssmdnum,

144 1971 185 2020 the
196 1972 299 2020 Cincian
311 1973 365 2028 law,
376 1972 407 2018 A.
419 1970 449 2018 U.
459 1971 488 2018 G.
498 1969 554 2027 55⁰,
565 1969 668 2034 direotly
682 1969 861 2018 inhibitas-ne
872 1971 932 2033 quis,

144 2036 176 2083 ob
187 2050 286 2084 mnsam
302 2036 427 2092 orandun,
438 2034 567 2096 peetmiam
578 2033 699 2083 donumve
710 2033 821 2098 accipiat.
853 2033 931 2083 'iacit

144 2100 234 2148 Anasi.
245 2099 278 2148 xi.
288 2101 312 2148 5.
343 2099 399 2148 The
410 2098 483 2161 patrii
491 2114 579 2156 mores,
589 2099 638 2148 and
646 2099 798 2148 thsCineian
809 2099 864 2158 law,
872 2099 931 2148 esch

144 2163 165 2221 it
180 2179 260 2216 meme
275 2164 344 2214 settin
374 2164 400 2212 in
416 2163 494 2221 effect,
505 2163 595 2228 during
610 2164 652 2212 the
668 2163 720 2212 aule
731 2163 761 2212 of
772 2164 907 2230 Augustus,
917 2181 933 2214 a

145 2227 243 2292 penalty
254 2228 284 2284 of
295 2229 319 2278 fo
358 2227 398 2276 old
408 2229 449 2276 the
464 2228 502 2276 foe
513 2228 622 2280 received
637 2227 674 2277 for
690 2228 811 2304 ploading‚
822 2245 873 2277 was
889 2229 932 2277 im-

145 2293 219 2355 posad
229 2309 261 2341 on
270 2292 311 2341 the
322 2292 434 2341 reoeiver.
467 2293 540 2341 Dion.
551 2293 590 2341 liv.
602 2292 656 2341 533.
688 2293 813 2356 'I'hepohe
837 2294 931 2343 ofsnoh

146 2357 294 2422 regulations
304 2357 326 2407 is
337 2373 364 2405 as
375 2357 539 2419 questionabls
550 2373 577 2408 as
588 2358 651 2407 their
664 2358 761 2422 justise.
818 2373 875 2422 very
886 2359 932 2408 liti·

143 2422 228 2488 gation
239 2422 269 2471 of
274 2421 423 2484 importando
434 2429 500 2471 must
507 2423 568 2471 have
579 2423 677 2472 beooms
688 2439 703 2471 a
784 2421 933 2486 -qusstiomn

142 2487 202 2550 'trial
212 2486 242 2537 οἰ
252 2487 363 2552 strength
375 2487 484 2536 between
512 2493 565 2536 reat
580 2503 645 2536 men.
677 2487 768 2552 Thong
801 2487 842 2536 tha
859 2487 932 2536 client

146 2504 624 2684 nitidisnitidis
637 2551 932 2666 mmmm

146 2687 173 2730 to
183 2683 253 2732 avoid
264 2683 305 2732 the
319 2699 468 2747 appearance
479 2681 509 2730 of
520 2681 665 2744 emption,
679 2681 719 2731 the
730 2681 826 2730 Roman
839 2682 930 2732 institn-

147 2746 212 2796 tions
220 2749 379 2800 neoessintsd
388 2751 437 2798 and
446 2747 572 2798 sanstifiad
583 2747 729 2810 corruption,
737 2745 767 2795 of
772 2762 788 2794 a
799 2752 883 2808 nature
892 2748 931 2810 tite

148 2819 211 2874 most
221 2815 320 2876 general
331 2815 378 2880 aad
390 2821 453 2880 most
464 2813 600 2876 dangerous
609 2811 636 2876 in
648 2828 663 2860 a
674 2810 723 2873 spes
735 2817 803 2874 state,
